2886 4890
446 451 635 503 coublrlouu
652 451 735 502 APUD
752 449 941 502 LUCRETlUll.
1186 450 1216 499 δ’(

169 596 261 662 ram,
280 572 459 644 infelicem
473 572 620 643 alterius
643 568 805 643 laborem
824 571 1002 642 incusem.
1024 575 1161 668 Nempe
1180 569 1217 639 in

171 696 389 795 quibusdam
402 698 521 796 ipsum
531 711 679 797 poetam
689 695 962 795 deprehendere
971 695 1063 768 mihi
1075 694 1214 784 videor,

171 821 393 894 tentabunda
414 848 524 895 manu
542 823 665 895 locum
684 823 866 920 egregium
885 847 984 894 nune
1009 821 1097 911 hue,
1117 844 1217 891 nunc

169 947 254 1019 illuc
281 949 570 1039 transferentem,
592 963 814 1046 quaerentem
839 947 902 1020 ubi
927 948 1056 1020 melius
1087 971 1124 1018 se
1148 945 1216 1017 ha-

170 1071 279 1146 beant
290 1074 458 1145 nonnulli
467 1099 606 1162 versus,
627 1073 890 1171 expendentem
910 1072 999 1172 quid
1011 1072 1048 1143 in
1067 1071 1217 1143 diversis
1252 1103 1253 1106 ¹

169 1197 333 1297 partibus
351 1199 493 1271 valeant
512 1214 623 1296 atque
642 1198 812 1270 efficiant.
834 1198 941 1287 Quod
955 1223 1031 1269 uon
1049 1195 1218 1268 dubitan-

168 1322 257 1393 dum
290 1337 345 1393 est
373 1323 462 1420 quin
489 1324 627 1421 optime
657 1323 807 1395 vidisset
832 1337 943 1420 atque
974 1322 1134 1417 elegisset
1161 1322 1218 1393 vir

169 1447 259 1517 tanti
288 1447 437 1542 ingenii,
468 1447 537 1519 nisi
560 1472 768 1547 supremam
790 1472 938 1519 manum
962 1447 1065 1545 operi
1088 1446 1214 1518 admo·

168 1595 253 1643 rere
271 1596 369 1644 mors
386 1571 645 1670 prohibuisset.

218 1695 328 1792 Cujus
353 1699 406 1769 rei
433 1722 548 1768 unum
573 1696 723 1768 afferam
749 1696 969 1795 exemplum,
995 1697 1032 1768 in
1058 1679 1147 1793 qu0,
1179 1697 1217 1766 ni

169 1821 288 1913 fallor,
321 1823 454 1894 mirum
484 1823 519 1893 in
550 1822 720 1912 modum,
753 1846 964 1920 quanquam
993 1820 1135 1894 diversa
1157 1845 1216 1892 ra·

169 1947 286 2037 tione,
319 1963 530 2020 erraverunt
560 1948 646 2019 clari
678 1948 758 2019 viri.
794 1953 907 2019 Nemo
938 1962 991 2018 est
1023 1947 1111 2044 quin
1142 1969 1217 2016 me·

170 2074 285 2144 moria
320 2072 638 2171 praestantissimos
665 2071 746 2143 illos
778 2096 902 2144 versus
933 2086 1053 2143 teneat
1084 2069 1218 2168 quibus

168 2213 277 2297 poeta
296 2222 333 2269 se
356 2198 466 2269 «avia
488 2196 668 2269 Pieridum
686 2221 877 2294 peragrare
893 2197 973 2269 loca
990 2228 1007 2264 »
1029 2195 1129 2285 dicit,
1150 2193 1217 2266 sibi

169 2324 344 2419 insignem
362 2348 536 2396 coronam
557 2322 751 2421 pollicetur

256 2557 259 2564 ·
273 2523 357 2582 Unde
370 2523 447 2598 prius
457 2523 527 2580 nulli
540 2521 656 2580 velarint
668 2530 795 2594 tempora
806 2521 902 2587 Musae,

171 2723 390 2795 causamque
411 2697 526 2795 aperit
554 2721 620 2768 eur
645 2698 781 2767 Musaeo
802 2693 906 2765 melle
925 2718 983 2766 res
1002 2693 1114 2791 paulo
1137 2694 1219 2764 tris·

169 2826 291 2914 tiores,
325 2838 361 2894 et
379 2847 399 2894 a
423 2820 556 2920 quibus
572 2820 701 2916 vulgus
718 2818 927 2906 abhorreat,
944 2818 1152 2916 contingere
1167 2821 1218 2888 in·

169 2947 350 3038 stituerit3
373 2947 473 3018 hunc
492 2960 614 3018 autem
633 2945 756 3017 locum
775 2944 831 3015 bis
848 2944 917 3040 legi
937 2969 1064 3017 onmes
1083 2944 1215 3033 sciunt,

169 3075 205 3145 in
233 3073 352 3145 media
382 3071 464 3144 dieo
493 3072 602 3170 primi
635 3069 718 3141 libri
750 3085 874 3168 parte,
909 3094 994 3141 mox
1026 3069 1063 3139 iu
1093 3069 1215 3166 quarti

167 3196 315 3270 exordio
328 3195 395 3294 (1),
412 3194 480 3266 nisi
495 3192 597 3292 quod
610 3195 712 3292 prius
727 3218 813 3264 cum
828 3191 1114 3291 praecedentibus
1128 3218 1215 3264 con-

167 3324 342 3412 tinuatur,
366 3319 546 3420 posterius
570 3342 658 3389 vero
679 3342 745 3417 per
770 3343 808 3389 se
831 3332 913 3390 stat.
947 3317 1034 3390 lude
1059 3333 1215 3415 uterque

167 3446 354 3520 communi
378 3467 467 3517 voce
485 3442 784 3541 interpolatorem
803 3466 966 3537 arguere.
988 3446 1031 3530 At
1053 3442 1136 3514 vide
1153 3442 1213 3537 ju-

58 3648 63 3655 ,
167 3571 250 3643 dieii
268 3571 493 3642 varietatem.
512 3568 727 3664 Forbigerus
750 3568 990 3666 posteriorem
1013 3567 1137 3639 locum
1155 3592 1214 3638 so·

166 3697 243 3768 lum
268 3695 465 3791 genuinum
492 3718 567 3766 esse
593 3692 809 3782 arbitratur,
835 3693 995 3791 priorem
1027 3692 1073 3763 ad
1105 3690 1215 3786 hujus

165 3822 405 3893 imitationem
420 3819 650 3907 lubricatum,
670 3847 687 3883 «
707 3815 885 3888 absonum
899 3832 1021 3888 autem
1041 3832 1077 3889 et
1090 3817 1214 3887 incon-

165 3947 376 4018 cinnum».
408 3944 661 4016 Lachmannus
690 3957 839 4035 eontra3
872 3967 957 4014 nam
990 3967 1106 4039 quum
1131 3941 1214 4036 jure

208 4218 249 4300 (l)
270 4223 401 4297 Lueret,
419 4221 446 4294 l,
464 4219 524 4282 926
538 4235 623 4298 seqq.
637 4249 674 4259 —
685 4216 735 4288 1V,
749 4217 765 4276 l
779 4231 867 4295 seqq.
887 4213 1048 4298 (Lachm.).
