2886 4890
192 454 224 502 32
491 450 532 501 llll
550 450 768 505 PlllLOSOPlllCl
785 452 941 505 nonnius

191 572 388 668 legentium
409 586 514 668 cogat
537 573 778 648 descendere?
803 575 912 665 Quod
936 576 1074 674 optime
1101 576 1243 649 viderat
1276 665 1278 669 Ι

192 695 437 769 nobilissimus
464 696 558 769 idem
589 698 833 799 philosophus
861 725 904 771 ac
937 715 1065 799 poeta,
1106 701 1242 774 stoicus

193 819 386 892 Cleanthes
396 834 410 911 ,⁴
438 820 543 917 cujus
571 820 829 894 celeberrimus
861 822 898 893 iu
925 827 1052 894 lovem
1082 821 1243 918 hymnus

191 945 301 1017 etiam
328 969 426 1016 nunc
445 969 586 1016 summa
609 970 694 1017 cum
721 945 959 1018 admiratione
972 946 1114 1042 legitur,
1135 946 1239 1017 alios·

192 1095 265 1168 que
278 1095 404 1142 versus
417 1074 551 1143 Seneca
567 1068 729 1142 laudavit
744 1096 787 1143 ac
808 1071 991 1143 transtulit
1007 1071 1037 1167 (l
1047 1074 1072 1166 ).
1097 1071 1243 1170 Quippe

193 1197 276 1294 qui,
307 1211 397 1268 teste
424 1195 553 1268 eodem
580 1201 733 1284 Seneca,
761 1221 835 1268 non
864 1196 1070 1294 exemplum
1097 1211 1242 1267 tantum

192 1319 423 1393 enuntianda
437 1320 659 1392 carminibus
669 1320 922 1420 philosophiae,
938 1321 1000 1393 sed
1014 1336 1050 1394 et
1061 1322 1242 1394 rationem

193 1470 236 1517 ac
263 1471 391 1517 causas
417 1445 624 1544 protulerit.
662 1446 808 1519 Solebat
844 1448 941 1520 enim
970 1447 1090 1520 dicere
1117 1473 1243 1520 sensus

193 1586 340 1643 nostros
370 1571 541 1644 clariores
572 1587 671 1644 arcta
701 1573 872 1643 carminis
902 1572 1112 1644 necessitate
1148 1571 1244 1643 effici

196 1696 537 1794 «quemadmodum
574 1697 722 1796 spiritus
757 1696 928 1770 clariores
961 1721 1071 1769 sonos
1108 1695 1241 1786 reddit,

194 1848 310 1919 quum
324 1822 427 1894 illum
443 1822 529 1894 tuba
544 1822 719 1921 perlongi
736 1822 871 1893 canalis
885 1822 1067 1918 angustias
1084 1835 1243 1893 tractum

193 1948 397 2046 patentiore
418 1947 613 2020 novrssime
632 1946 730 2018 exitu
748 1944 878 2018 elsudit
898 1945 995 2042 ζῆ».
1027 1946 1094 2018 Cui
1112 1947 1243 2018 merito

194 2073 343 2144 assentit
355 2077 510 2163 Seneca3
533 2072 742 2166 assentiant,
763 2070 909 2169 opinor,
931 2071 1154 2168 quicumque
1172 2077 1242 2143 Lu-

195 2201 350 2271 cretium
367 2199 518 2294 legerint
532 2198 596 2295 (3).

690 2573 750 2640 lV.

246 2887 313 2958 Hic
340 2902 461 2958 tamen
491 2887 627 2958 multos
652 2885 775 2977 audi0‚
805 2885 983 2984 equibus
1017 2887 1183 2958 nonnulli
1208 2889 1245 2959 in

105 3005 107 3008 ’
197 3011 325 3109 primis
340 3009 437 3107 digni
453 3024 536 3081 sunt
555 3010 619 3107 qui
635 3009 830 3081 audiantur
844 3008 908 3106 (4),
933 3010 978 3081 de
1004 3035 1045 3082 ea
1071 3036 1111 3082 re
1134 3010 1247 3082 dividi

239 3248 279 3328 (l)
302 3247 423 3321 Senec,
439 3247 537 3326 Epist.
554 3245 595 3306 ud
609 3247 719 3329 Lucil„
738 3248 805 3308 lot.

240 3346 282 3424 (Ξ)
302 3344 431 3419 Senect„
447 3345 548 3424 Epist.
560 3344 602 3404 ud
615 3346 726 3418 Lucil„
743 3345 812 3405 108.

239 3445 280 3529 (3)
305 3444 373 3522 Ipse
387 3441 568 3504 Plutarchus
581 3458 675 3523 quem
689 3459 788 3521 nuper
803 3458 876 3520 erga
890 3441 1108 3522 Empedoclem
1122 3442 1248 3504 Parme-

198 3544 366 3624 nidemque
385 3541 465 3603 adeo
489 3540 621 3617 durum,
646 3539 710 3603 imo
726 3539 867 3621 iniquum
889 3538 1036 3616 vidimus,
1060 3539 1172 3603 fatetur
1187 3539 1248 3603 alio

198 3643 229 3706 in
246 3643 314 3707 loco
336 3639 454 3724 poesim
476 3638 679 3721 philosophia
700 3655 763 3703 non
793 3656 860 3701 esse
886 3637 1029 3701 inutilem
1044 3654 1052 3700 :
1066 3638 1175 3720 Ὥσπερ
1197 3638 1249 3720 γὰρ

198 3744 213 3802 ὁ
233 3738 416 3823 μανδραγόρας
436 3746 495 3804 ταῖς
514 3737 643 3817 ἀμπέλοις
662 3737 879 3820 παραφυόμενος,
904 3735 949 3796 καλ
965 3735 1092 3806 διαδιδοὺς
1107 3735 1155 3810 πλν
1170 3737 1249 3796 δύνα-

199 3863 245 3919 μιν
265 3841 302 3909 εἰς
322 3839 367 3898 τὸν
391 3827 475 3912 οἶνον,
493 3836 686 3919 μαλακωτέραν
706 3845 777 3898 ποιεῖ
799 3834 848 3908 τὴν
872 3834 1024 3916 καταφορὰν
1043 3842 1097 3903 τοῖς
1119 3836 1247 3895 πίνουσιν·

199 3936 268 4000 οὕτω
293 3935 352 4005 τοὺς
380 3935 473 4014 λόγους
495 3934 632 4008 ἡποίησις
650 3937 681 3995 ἐκ
696 3933 852 4019 φιλοσοφίας
872 3932 1096 4012 ἀναλαμόόνουσα
1120 3933 1250 4015 μιγνυμέ-

198 4059 258 4105 νους
275 4035 340 4118 πρὸς
360 4033 391 4094 τὸ
412 4033 545 4112 μυθῶδες,
559 4032 674 4116 ἐλαφρὰν
693 4033 738 4094 καὶ
757 4033 891 4116 προσφιλῆ
912 4031 1024 4111 παρέχει
1044 4039 1098 4098 τοῖς
1119 4032 1186 4099 νέοις
1200 4029 1249 4104 πλν

199 4135 325 4216 μάθησιν.
341 4135 388 4196 De
408 4131 573 4194 audiendis
585 4136 693 4210 poetis,
710 4137 739 4194 l.

244 4232 286 4316 (l)
305 4231 348 4296 Μ.
365 4229 590 4306 demutans,
604 4231 643 4295 Μ.
658 4226 834 4294 Villemain.
