2886 4890
427 455 616 506 counitioni}
634 456 716 506 Aron
734 456 921 506 tuccetum.

434 636 439 645 ,
575 579 608 632 ln
623 577 737 634 luminis
751 592 813 633 oms

257 665 376 734 Tollere,
389 672 417 722 et
430 664 542 722 incertis
556 665 657 722 crerint
670 665 844 722 committere
854 665 942 723 ventis
954 669 1001 732 (l),

152 858 273 906 nonne
287 859 368 904 eam
380 860 504 906 cunam
515 837 742 931 agnoscimus
751 861 825 933 qua
833 836 1001 931 Virgilius
1013 850 1200 906 nascentes

152 957 305 1056 plantas,
324 974 366 1030 ut
382 958 432 1030 ita
447 958 580 1049 dicam,
594 960 849 1058 complectitur
863 985 904 1031 ac
918 959 1039 1031 fovet?
1056 960 1199 1058 Quippe

153 1082 216 1178 qui
237 1097 273 1152 et
293 1106 371 1153 rem
395 1097 432 1154 et
456 1081 567 1155 verba
585 1082 621 1152 in
644 1084 826 1179 Georgicis
847 1085 922 1155 suis
944 1083 1199 1182 amplificando

153 1207 328 1304 receperit
346 1204 579 1279 nobilissimis
595 1206 666 1277 illis
683 1204 869 1278 versibus:

257 1401 344 1470 Inque
354 1367 444 1455 'novos
457 1396 529 1456 soles
540 1380 643 1454 audent
654 1414 683 1455 sc
695 1399 819 1472 germina
832 1407 893 1457 tuto

257 1486 394 1556 Credero'3
403 1502 462 1544 'nec
476 1488 575 1544 metuit
587 1496 731 1561 surgentes
743 1487 889 1560 pampinus
903 1497 1022 1556 austros,

257 1582 315 1632 Aut
325 1585 418 1633 actum
430 1576 501 1633 coelo
513 1577 622 1650 magnis
632 1577 807 1650 aquilonibus
819 1577 935 1634 imbrem
949 1583 995 1645 (2).

200 1761 251 1826 Ea
269 1770 354 1826 sunt
374 1755 483 1852 igitur
503 1780 584 1851 quae
604 1756 771 1827 Racinius
793 1771 929 1847 noster,
954 1771 996 1828 ut
1013 1755 1088 1852 jam
1109 1757 1200 1827 dixi-

153 1905 247 1966 mus,
282 1879 365 1951 ficta
398 1879 510 1951 verba
537 1879 785 1978 nuncupabat,
816 1881 914 1953 etin
942 1880 1076 1978 quibus
1103 1882 1200 1952 aiiir-

153 2002 275 2075 mahat
294 2029 417 2075 veram
438 2029 513 2076 esse
528 2004 674 2093 laudem
689 2004 894 2076 didascalici
913 2020 1041 2104 poetae.
1064 2010 1103 2075 ln
1126 2030 1201 2102 quo

153 2129 325 2200 erravisse
353 2127 458 2199 nobis
482 2126 625 2200 videtur
650 2128 752 2226 quod
774 2154 816 2200 ea
839 2127 1037 2227 voluptatis
1060 2144 1200 2200 tantum

153 2277 261 2323 causa
284 2268 321 2324 et
343 2253 465 2324 solerti
488 2251 664 2323 industria
684 2252 763 2324 fieri
784 2251 955 2352 putabat,
982 2278 1050 2324 nos
1072 2269 1204 2326 natura

154 2380 230 2478 ipsa
244 2381 425 2475 magistra,
444 2405 516 2477 qua
528 2395 645 2479 poetae
659 2378 759 2476 quod
773 2380 895 2450 animo
909 2383 1071 2452 sentiunt
1082 2380 1204 2452 verbis

153 2505 321 2576 efferunt.
341 2505 449 2593 Quod
465 2506 493 2576 si
508 2521 636 2603 pectus
650 2504 685 2578 et
698 2506 753 2576 vis
769 2507 911 2597 mentis,
929 2521 970 2577 ut
984 2505 1072 2576 dicit
1086 2507 1201 2594 Quin-

154 2629 312 2716 tilianus,
335 2629 488 2726 disertos
510 2629 665 2719 faciunt,
694 2630 744 2699 sic
770 2654 790 2699 e
818 2628 969 2700 mollitie
991 2654 1032 2700 ac
1054 2628 1203 2702 lenitate

154 2754 280 2840 animi,
295 2785 311 2818 a
327 2769 364 2826 et
375 2753 535 2825 lacrimis
545 2778 681 2844 rerum,
697 2785 714 2820 o
732 2734 768 2825 iet
782 2779 822 2824 ea
839 2768 959 2824 mente
968 2778 1079 2850 quarn
1095 2784 1112 2819 «
1126 2769 1203 2825 tan-

153 2892 241 2974 gunt
261 2878 426 2949 mortalia
443 2911 460 2944 o
482 2877 639 2949 exundat
655 2893 766 2976 atquc
782 2860 954 2950 exuberat
971 2879 1104 2976 poesis,
1127 2902 1201 2949 non

153 3002 271 3073 solum
295 3001 393 3100 apud
412 3002 554 3075 dulcem
577 3002 678 3073 illum
701 3002 901 3099 Virgilium,
925 3027 1034 3098 quem
1053 3001 1201 3073 Parthe-

152 3132 250 3214 nian,
270 3140 360 3198 teste
375 3128 512 3211 Servi0‚
533 3125 714 3198 vocabant
732 3127 852 3216 amici,
874 3126 938 3197 sed
957 3142 994 3197 et
1011 3125 1110 3225 apud
1130 3130 1202 3196 Lu-

154 3252 322 3338 metium,
340 3251 405 3320 etsi
421 3249 482 3320 hio
501 3250 612 3320 animi
629 3250 799 3321 virilioris
815 3251 872 3341 sit,
895 3266 931 3321 et
950 3265 1072 3321 maesto
1091 3265 1202 3347 atque

153 3372 284 3445 acerbo
298 3375 425 3446 dolore
436 3375 600 3446 lacrimas
614 3375 674 3471 (ne
687 3373 836 3445 uberius
849 3374 1061 3473 profundat,
1075 3374 1200 3471 credo)

153 3497 324 3570 cohibere
341 3523 382 3570 ao
400 3497 609 3570 combibere
628 3499 806 3571 videatur.

194 3732 233 3806 ll)
253 3732 385 3807 Luccei,
399 3731 435 3802 V,
447 3733 514 3791 781.
528 3730 578 3791 Sic
590 3731 729 3806 Lachm.;
745 3731 931 3794 Lambinus:
945 3739 1072 3795 lentavit
1083 3734 1203 3796 credere

152 3832 258 3888 ventis.

195 3925 234 4006 (ᾖ)
256 3924 371 4005 virgil,
390 3926 508 4006 Goorp,
527 3929 561 4000 ll,
578 3929 647 3988 332.
