2886 4890
424 410 613 462 countrtouu
631 411 713 463 APUD
730 413 918 466 Luctantur.
1163 420 1195 470 ta

150 553 243 629 opus
270 554 377 601 suum
402 508 680 630 comportasset,
714 532 777 604 sed
805 534 968 632 elegisset
993 535 1123 630 magis,
1153 560 1196 607 ac

149 654 322 727 nonnulla
333 657 491 728 utMusis
500 655 645 754 indigna
653 659 947 756 praetermisisset.
957 659 1068 751 Ac,ni
1076 659 1194 748 fallor,

149 779 244 851 iniis
262 779 424 873 demum,
440 797 482 852 ut
499 796 621 880 poeta,
645 783 792 876 erravit,
811 781 1001 880 inquibus
1020 785 1198 882 Epicurus

149 919 190 976 ut
204 903 447 1003 philosophus
461 920 655 980 erraverat.
672 911 762 979 Nam
775 906 864 1003 quid
883 907 1089 999 clinamine,
1108 907 1197 1004 quid

149 1028 349 1102 simulacris
362 1029 567 1124 absurdius,
582 1030 775 1129 dequibus
788 1057 912 1106 versus
926 1033 1017 1105 adeo
1031 1033 1198 1131 illepidus

149 1170 186 1227 et
198 1156 318 1227 omnis
334 1156 484 1254 poeticae
499 1158 698 1229 venustatis
715 1172 878 1258 expertes
889 1183 1006 1257 nuper
1019 1157 1197 1231 vidimus?

148 1285 239 1352 Tum
261 1295 389 1352 contra
408 1305 559 1378 magnus
582 1297 620 1354 et
637 1280 801 1354 sublimis
817 1297 926 1381 poeta
944 1297 1058 1382 patet,
1081 1307 1198 1381 quum

149 1429 247 1497 vera,
269 1405 324 1478 vel
346 1404 473 1478 saltem
494 1406 647 1479 multam
668 1407 742 1480 veri
763 1423 905 1507 partem
921 1408 959 1479 in
974 1434 1012 1482 se
1025 1407 1198 1481 habentia

150 1533 327 1622 enuntiat,
358 1548 401 1605 ut
424 1532 649 1632 e-plerisque
673 1533 762 1604 locis
787 1558 881 1630 quos
901 1535 1135 1608 recitavimus
1157 1557 1199 1605 ac

149 1653 379 1726 laudavimus
408 1652 639 1726 manifestum
666 1667 733 1726 est.
765 1653 862 1742 Quid
889 1656 986 1728 enim
1010 1655 1130 1733 verius
1158 1679 1200 1727 ac

151 1775 342 1849 sublimius
360 1778 422 1850 illa
446 1778 612 1850 omnium
637 1777 902 1851 elementorum
927 1780 1128 1853 mutatione
1157 1803 1201 1851 ac

150 1903 385 1975 conversione
411 1929 491 2002 quae
514 1929 636 1976 rerum
662 1929 843 1979 summam
866 1905 1042 1977 continuo
1066 1903 1200 1976 novat?

150 2026 244 2115 Quid
264 2043 442 2128 perpetuo
464 2028 528 2101 illo
547 2043 684 2101 naturae
706 2044 810 2100 motu
830 2054 906 2126 quo
929 2030 997 2126 ipsi
1019 2029 1197 2127 rapimur,
1236 2107 1240 2114 ,

150 2152 240 2225 dum
269 2153 357 2225 falsa
384 2153 516 2250 quietis
544 2153 699 2249 imagine
728 2152 869 2253 decepti
897 2152 1101 2225 immobiles
1125 2177 1201 2226 esse

150 2279 244 2350 inter
259 2276 461 2349 immobilia
479 2275 585 2350 nobis
602 2277 792 2349 videmur?
810 2277 908 2366 Quid
927 2278 990 2351 illo
1012 2278 1138 2350 mortis
1157 2302 1200 2348 ac

153 2403 232 2474 vitae
249 2400 372 2472 duello
391 2400 492 2497 quod
509 2416 643 2473 terram
661 2426 852 2498 nunquam
870 2426 946 2473 non
965 2401 1199 2472 morientium

149 2527 352 2627 ploratibus
375 2551 418 2598 ac
437 2529 663 2599 nascentium
685 2524 864 2623 vagitibus
886 2526 1081 2626 personat?
1104 2524 1201 2613 Quid

151 2669 273 2727 autem
287 2653 406 2724 dicam
419 2652 465 2724 de
477 2667 532 2725 tot
544 2652 621 2722 aliis
637 2651 726 2724 loois
742 2653 908 2724 omnium
923 2651 1097 2723 memoria
1112 2651 1202 2722 cele·

151 2777 276 2871 bratis,
289 2777 334 2850 de
344 2778 487 2850 miseria
495 2777 669 2869 hominis,
679 2776 726 2848 de
737 2802 822 2857 vera
830 2776 1012 2864 felicitate,
1024 2776 1069 2847 de
1082 2799 1204 2846 aman·

152 2906 245 2975 tium
262 2902 464 2994 doloribus,
485 2902 530 2974 de
548 2903 674 3001 primis
690 2901 902 2974 hominibus
920 2901 1127 2997 artiumque
1145 2900 1201 2970 in·

58 3025 60 3029 ’
152 3029 322 3101 ventione
340 3028 417 3126 (l)?
438 3033 564 3100 Nonne
582 3029 620 3098 in
640 3029 681 3098 iis
701 3042 743 3098 ut
760 3027 952 3125 pulchram
970 3025 1131 3126 poesim,
1152 3024 1204 3096 sic

76 3203 79 3208 »
153 3169 190 3226 et
205 3178 329 3226 veram
351 3152 624 3252 philosophiam
646 3153 843 3224 miramur?
862 3151 963 3222 Unde
986 3165 1083 3222 recte
1098 3148 1202 3221 colli·
1240 3131 1244 3140 ¹

152 3281 282 3377 gimus,
308 3281 337 3352 si
356 3278 546 3351 mendacio
571 3278 733 3350 carmina
749 3302 892 3376 semper
912 3275 1028 3353 amica
1051 3274 1199 3367 luerint,

153 3420 195 3477 ut
210 3410 236 3475 F
237 3405 386 3478 ontanio
404 3418 531 3477 nostro
546 3402 685 3500 placuit
697 3401 764 3500 (2),
785 3403 929 3474 veritati
956 3398 1084 3472 eadem
1110 3399 1202 3472 ami·

153 3529 253 3601 ciora
273 3554 370 3622 esse;
388 3543 424 3602 et
441 3526 488 3600 ad
501 3528 712 3627 praeclaram
731 3527 837 3599 Bolaei
856 3527 1072 3600 sententiam
1092 3525 1201 3599 redu·
1283 3521 1287 3527 ’

195 3859 234 3943 (l)
256 3860 349 3924 Multa
370 3877 408 3922 ex
423 3858 477 3922 rhis
492 3858 573 3940 apud
592 3856 755 3939 Epicurum
769 3858 946 3938 invenerat,
963 3863 998 3921 ut
1013 3876 1051 3922 ax
1072 3855 1205 3939 epistola

155 3959 194 4024 sd
208 3962 397 4024 Manoeoeum
408 3962 500 4040 patet.
515 3957 594 4020 Vide
609 3955 734 4040 Diogen.
746 3959 853 4036 Laert,
866 3960 905 4021 X.

191 4117 229 4183 (2)
266 4134 280 4163 «
299 4113 339 4168 Le
352 4124 503 4183 memonge
516 4117 545 4167 et
557 4108 598 4167 les
611 4107 720 4168 vende
733 4117 796 4168 tous
810 4118 901 4183 temps
914 4118 977 4167 sont
990 4109 1070 4169 amis.
1090 4129 1105 4160 ι

740 4199 833 4268 (Livre
847 4202 883 4268 11,
899 4197 970 4261 table
984 4202 1022 4268 1.)

1046 4303 1064 4355 t
