2886 4890
250 401 281 448 64
547 399 588 450 llll
604 399 821 451 PlllLOSOPlllCl
839 399 997 452 POEMATIS

298 525 378 591 Non
401 519 508 617 igitur
525 518 729 592 mirandum
744 536 799 592 est
812 522 842 592 si
858 546 973 619 graeco
990 519 1100 593 verbo
1115 518 1241 607 semel,
1256 532 1298 589 ut

249 645 441 743 saepissime
455 644 603 730 Tullius,
623 670 709 716 usus
726 661 780 718 est
797 661 934 737 noster,
953 671 1068 744 quum
1082 650 1298 743 Anaxagorae

249 775 456 868 ὁμοιομέρειαν
473 795 537 842 sua
555 771 589 841 ei
604 770 726 868 lingua
741 770 862 844 dicere
875 797 949 844 non
965 772 1180 844 concederet
1200 794 1297 869 «pa-

249 895 309 965 trii
327 896 503 966 sermonis
519 909 668 992 egestas.
689 925 707 962 »
731 896 839 985 Quod
854 912 975 968 tamen
1001 896 1129 969 vellem
1150 897 1187 968 in
1209 919 1298 966 car-

250 1019 346 1090 mine
378 1044 452 1093 non
488 1018 646 1111 fecisset;
675 1021 764 1119 quin
792 1036 829 1093 et
854 1022 977 1094 omnia
996 1022 1058 1094 illa
1085 1025 1296 1093 Graecorum

247 1159 467 1235 commenta,
488 1169 562 1216 non
585 1158 727 1216 tantum
747 1146 898 1244 poeticis
916 1146 1157 1237 ornamentis,
1178 1144 1298 1218 sedet

247 1293 349 1367 paene
367 1268 572 1366 cognitione
592 1269 752 1366 indigna,
777 1272 885 1369 plane
909 1272 1125 1369 reliquisset.
1146 1271 1203 1342 Sic
1228 1269 1294 1341 cli·

247 1419 376 1464 namen
392 1395 532 1492 primus
561 1410 598 1466 et
625 1420 732 1485 unus,
750 1395 789 1466 ni
812 1394 932 1486 fallor,
961 1421 1128 1468 «novum
1155 1395 1208 1467 rei
1224 1419 1292 1465 no·

248 1543 330 1589 men
345 1550 359 1582 υ
378 1518 542 1616 protulit,
564 1534 604 1590 ut
620 1527 676 1599 τὴν
692 1523 793 1591 κλίσιν
815 1520 961 1619 Epicuri
980 1520 1090 1592 latine
1111 1518 1291 1606 redderet,

246 1667 355 1739 quam
379 1642 479 1714 baud
496 1645 571 1716 scio
591 1669 636 1715 an
658 1645 785 1717 melius
802 1644 938 1716 Tullius
957 1643 1242 1716 declinationem.

293 1767 369 1839 Alia
391 1784 513 1840 autem
531 1768 642 1841 verba
659 1795 734 1842 non
753 1770 883 1867 linguae
898 1785 1066 1867 egestate,
1087 1769 1151 1841 sed
1164 1795 1293 1866 nume-

243 1918 369 1965 rorum
395 1895 606 1966 necessitate
625 1896 765 1995 primus
785 1910 821 1967 et
846 1921 943 1966 unus
961 1895 1105 1967 videtur
1123 1898 1295 1967 immuta-

246 2018 350 2108 visse,
372 2019 503 2090 sensile
512 2045 580 2117 pro
597 2018 770 2111 sensibili,
789 2021 910 2092 tactile
925 2044 994 2118 pro
1006 2020 1182 2118 tangibili,
1190 2022 1296 2118 prin-

246 2143 374 2238 cipiale
393 2168 460 2241 pro
480 2144 692 2242 principali;
708 2146 758 2214 sic
787 2145 955 2216 insensile
983 2160 1020 2217 et
1045 2144 1217 2216 intactile.
1252 2149 1298 2216 At

246 2284 440 2364 sequentes
453 2284 570 2365 poetae
585 2267 696 2341 verba
712 2268 819 2339 simul
839 2293 923 2340 cum
937 2269 1047 2341 rebus
1065 2283 1292 2368 spreverunt.

247 2396 318 2462 Nec
338 2391 476 2464 felicior
495 2392 561 2464 fuit
577 2393 637 2464 ille
650 2391 806 2488 sensifer
823 2409 944 2466 motus
962 2393 1066 2489 cujus
1086 2394 1160 2464 sine
1179 2391 1296 2465 dubio

248 2532 375 2588 auctor
394 2516 583 2590 habendus
602 2533 667 2589 est.

293 2644 371 2711 Hoc
386 2641 482 2711 enim
501 2639 715 2712 crediderim
735 2640 942 2712 Lucretium
967 2666 1041 2713 non
1061 2641 1190 2712 vidisse
1211 2641 1294 2713 lati·

248 2787 331 2833 nam
352 2764 510 2860 linguam
526 2790 601 2836 non
615 2790 695 2836 eam
715 2790 792 2837 esse
807 2790 888 2864 quae
899 2764 1011 2837 verba
1029 2789 1137 2858 nova,
1159 2790 1293 2862 graeco·

246 2914 327 2959 rum
358 2915 477 2979 more,
509 2889 664 2962 libenter
692 2891 861 2988 smgeret,
893 2916 1000 2963 voces
1028 2906 1133 2963 notas
1161 2915 1293 2962 conso·

244 3012 374 3085 ciando
408 3039 449 3085 ac
485 3014 748 3087 connectendo.
782 3021 820 3087 ln
852 3040 926 3113 quo
959 3040 1088 3113 genere
1120 3014 1294 3086 audacius

245 3163 356 3234 quam
376 3138 514 3212 felicius
529 3139 596 3211 sibi
615 3140 777 3229 indulsit,
799 3166 913 3238 quum
933 3138 1146 3237 elephantos
1164 3143 1293 3238 angai-

246 3290 371 3335 manos
382 3263 448 3361 (l),
465 3280 586 3337 motus
599 3290 722 3336 rerum
736 3267 938 3354 auctificos,
956 3261 1295 3361 terrassiugiscrcn·

245 3403 309 3473 tes,
329 3386 423 3458 fetus
427 3387 652 3487 frugiparos,
677 3389 869 3487 terriloqna
893 3401 1016 3458 vatum
1044 3386 1153 3475 dicta,
1173 3384 1294 3456 homi·

244 3536 308 3582 nes
323 3514 513 3610 caecigenos
527 3513 675 3585 diceret.
686 3510 867 3584 Nonnulla
881 3526 1003 3582 tamen
1018 3535 1092 3582 non
1111 3507 1296 3605 dedignati

245 3652 329 3709 sunt
345 3638 494 3735 posteri.
512 3641 734 3738 [noctivagas
745 3638 838 3708 feras
849 3635 987 3708 dixerat
1000 3644 1124 3707 noster
1139 3633 1293 3731 (I,dol‡);

244 3761 380 3832 Tullius
398 3791 415 3827 «
432 3759 630 3835 bestiarum
643 3763 870 3860 montivagos
884 3776 995 3859 atque
1015 3760 1194 3832 silvestres
1211 3782 1295 3831 cur·

245 3974 284 4038 de
298 3981 429 4055 egestate
450 3974 563 4056 lingua
575 3975 687 4050 latinae,
701 3978 835 4054 Tacent,
852 3977 896 4051 ll,
919 3979 956 4038 15
965 3992 976 4055 3
992 3975 1029 4037 de
1049 3972 1232 4054 Finiaglll,
1245 3973 1294 4034 15.

247 4073 369 4138 «Nobis
384 4074 417 4136 in
427 4073 485 4136 hac
498 4074 580 4157 inopi
596 4076 764 4157 lingua...»

286 4173 325 4254 (l)
345 4175 478 4248 Lueret,
491 4175 531 4252 lI,
547 4177 606 4237 528
612 4192 623 4254 3
638 4177 674 4249 V,
688 4177 774 4239 1303.
791 4172 924 4253 (Lachm.
935 4169 1158 4254 anguimanus).
