2886 4890
433 454 624 506 CONDITIONE
640 454 723 506 APUD
739 454 929 506 cucurriunt.
1176 457 1206 504 l'l

162 573 284 670 qualia
302 574 374 643 sint
384 573 585 670 inquirant,
602 589 639 645 et
659 599 701 646 ea
717 599 797 671 quae
809 599 935 677 sensus
949 573 1133 644 humanos
1154 573 1208 642 fu-

158 699 260 793 giunt
272 696 451 768 machinis
461 698 724 796 adipiscuntur,
740 700 765 770 ii
776 698 890 770 multa
900 698 1048 796 quidem
1064 696 1208 768 discunt

159 847 201 893 ac
217 822 398 920 perutilia,
426 822 489 894 sed
506 825 627 922 poesis
646 825 796 896 omnino
815 823 918 920 (dum
934 824 970 893 in
987 824 1029 893 iis
1042 827 1206 894 commo-

158 949 301 1045 rantur)
323 949 501 1047 expertia,
524 975 604 1047 quae
620 949 785 1021 versibus
808 975 989 1049 exponere
1008 974 1143 1019 vanum
1157 973 1207 1018 -ac

157 1098 272 1172 prope
290 1072 484 1145 ridiculum
504 1090 608 1162 esset,
629 1076 698 1146 nisi
724 1075 752 1146 si
780 1075 874 1172 quis,
897 1078 1081 1145 memoriae
1099 1073 1206 1144 disci·

157 1198 330 1296 pulcrum
346 1197 558 1294 adjuvandae
581 1224 701 1284 causa,
729 1224 787 1270 res
811 1200 922 1270 siccas
937 1199 1097 1270 carmine
1113 1223 1207 1295 quo·

158 1322 357 1420 quemodo
380 1322 529 1394 condito
553 1339 759 1416 connectat,
783 1324 908 1421 utqui
934 1323 1207 1420 grammaticam

157 1449 357 1545 quondam,
383 1464 447 1520 aut
471 1450 686 1548 principalia
709 1449 842 1546 linguae
861 1474 982 1546 graecae
1010 1448 1203 1540 vocabula,

156 1574 202 1645 ad
222 1601 326 1646 usum
344 1574 554 1647 scholarum
570 1575 735 1647 versibus
752 1576 970 1648 docuerunt.
988 1583 1075 1665 Quae
1090 1600 1207 1647 resne

154 1725 304 1798 prorsus
330 1700 466 1771 inutilis
493 1701 539 1771 sit
566 1701 671 1773 valde
697 1701 820 1773 timeo.
854 1706 945 1772 Nam
973 1701 1036 1798 qui
1069 1700 1206 1771 discere
1269 1797 1273 1803 .

156 1823 290 1909 volent,
309 1825 345 1895 in
366 1825 451 1921 ipsis
469 1826 664 1897 doctorum
683 1825 877 1898 hominnm
897 1824 1071 1924 operibus
1088 1825 1206 1896 soluta

156 1949 320 2020 oratione
355 1951 497 2048 scriptis
526 1950 731 2022 doctrinam
760 1965 938 2048 quaerent,
972 1949 1035 2020 uhi
1066 1954 1205 2022 remota

155 2076 262 2145 metri
282 2076 493 2147 necessitate
516 2074 664 2147 liberior
685 2090 799 2175 patet,
828 2100 947 2173 neque
969 2075 1051 2145 ullis
1073 2073 1205 2146 obscu-

158 2215 259 2270 ratur
287 2198 517 2296 ambagibus,
552 2216 588 2271 et
614 2202 772 2299 propriis
799 2200 919 2271 verbis
949 2201 1086 2291 utitur,
1116 2201 1205 2272 dum

158 2335 287 2421 po'eta,
324 2324 382 2396 vel
409 2326 532 2424 potius
563 2325 802 2414 versificator,
836 2325 937 2396 duris
966 2350 1205 2402 numerorum

156 2449 310 2521 vinculis
329 2449 503 2543 irretitus,
525 2452 561 2522 in
580 2450 762 2549 plerisque
779 2449 925 2541 titubat,
947 2465 983 2521 et
1002 2451 1205 2521 orationem

156 2573 385 2671 ultraquam
408 2577 494 2646 satis
515 2590 569 2646 est
589 2575 772 2672 producit,
797 2591 833 2647 et
854 2574 1067 2647 difficultate
1085 2577 1205 2675 operis

158 2697 291 2770 sudans
307 2699 511 2771 infelicibus
529 2699 720 2771 conatibus
737 2700 915 2797 legentem
934 2698 1118 2795 defatigat.

205 2823 274 2896 Sed
296 2824 472 2896 humilem
496 2825 592 2896 hanc
618 2839 728 2921 atque
745 2825 965 2916 inferiorem,
993 2850 1204 2922 quanquam

156 2974 278 3021 veram
301 2965 337 3022 et
358 2950 614 3041 necessariam,
643 2949 884 3047 philosophiae
910 2964 1070 3048 partem,
1092 2951 1204 3023 altera

155 3075 286 3172 excipit
296 3100 377 3172 quae
391 3077 560 3147 universa
573 3075 799 3172 conjunctim
811 3076 1053 3174 potiusquam
1065 3076 1204 3173 singula

154 3201 347 3298 separatim
364 3200 644 3298 contemplatur,
662 3216 698 3271 et
717 3226 843 3273 causes
865 3226 989 3271 rerum
1016 3216 1052 3271 et
1074 3226 1202 3272 conse·

153 3326 316 3397 cutiones
331 3325 446 3417 videt,
464 3341 500 3396 et
517 3325 646 3396 similia
665 3341 871 3423 comparat,
893 3325 1073 3420 disjuncta
1091 3351 1203 3425 copu-

153 3449 217 3541 lat,
238 3465 427 3549 totamque
443 3465 611 3521 naturam
626 3450 894 3548 complectitur,
916 3449 1021 3544 cujus
1039 3476 1114 3522 non
1133 3450 1202 3523 ele·

155 3590 276 3646 menta
299 3590 439 3647 tantum
463 3600 505 3645 ac
520 3574 677 3663 formas,
702 3574 764 3645 sed
783 3574 878 3671 leges
900 3577 1135 3671 consequitur
1159 3600 1201 3646 ae

153 3702 345 3771 rationem.
365 3705 454 3788 Quae
468 3698 701 3798 philosophia
716 3699 901 3770 scientiam
914 3724 1037 3770 rerum
1054 3724 1129 3771 non
1144 3701 1200 3771 in-

152 3822 272 3909 choat,
287 3824 350 3896 sed
364 3824 517 3923 perficit.
537 3830 674 3920 Nempe
687 3823 875 3895 hominem
889 3849 964 3894 non
975 3823 1051 3920 jam
1067 3825 1104 3895 in
1120 3851 1201 3924 psy-

153 3945 318 4043 chologia
332 3949 460 4044 (quam
473 3948 600 4019 dicunt
614 3950 807 4045 nostrates)
826 3953 968 4044 quaerit,
986 3973 1053 4018 nec
1068 3948 1201 4046 quibus

152 4072 282 4143 mentis
308 4072 445 4144 viribus
475 4073 646 4172 praeditus
673 4073 718 4144 sit
745 4074 941 4172 separatim
969 4074 1091 4169 agitat,
1121 4101 1200 4147 rem

150 4197 356 4292 perutilem,
371 4198 499 4283 lateor,
520 4223 561 4270 ec
575 4199 827 4287 necessariam,
843 4199 878 4268 in
895 4223 969 4296 qna
984 4213 1104 4270 tamen
1118 4201 1200 4298 plus
