2886 4890
247 432 280 480 62
545 431 586 482 ut:
601 428 820 482 Paltosormct
837 426 993 479 nonnanis

247 577 419 625 sonarum
441 579 505 626 ore
531 538 725 627 sententias
751 577 813 625 eas
838 550 1139 650 pronuntiaverat
1160 552 1252 640 quas
1273 561 1296 608 a
1330 592 1334 596 -

245 675 468 777 philosopho
485 679 658 776 loquente
674 678 800 751 audire
811 676 992 775 possimus
1008 672 1075 768 (1).
1096 675 1214 758 Quem
1237 689 1294 736 se-

245 817 351 873 cutus
366 801 543 875 Pacuvius
566 803 683 875 multa
705 802 751 874 de
775 802 922 873 fortuna
940 813 977 870 et
999 822 1086 869 casu
1112 799 1150 865 in
1170 790 1297 863 fabula

244 924 372 998 incerti
390 929 548 1001 nominis
564 927 777 1018 disserebat,
797 951 878 1024 quae
899 956 916 991 ι(
938 923 1090 995 infirmae
1103 917 1254 991 rationis
1274 945 1293 983 n

243 1049 427 1123 insimulat
440 1052 576 1123 Tullius
595 1053 671 1148 (2),
697 1066 734 1123 et
758 1053 796 1123 in
820 1051 958 1146 Chryse
977 1047 1169 1147 physicum
1192 1040 1296 1113 indu·

243 1172 349 1246 cebat
380 1177 466 1248 satis
495 1177 702 1266 luculente,
737 1177 866 1249 eodem
894 1189 984 1246 teste
1012 1172 1129 1244 Tullio
1157 1169 1223 1266 (3),
1251 1191 1295 1238 ea

242 1298 422 1371 dicentem
446 1327 527 1399 quae
543 1303 751 1375 Lucretium
769 1295 1216 1400 expressissecrediderim
1239 1319 1247 1362 :

312 1483 450 1557 Quidquid
464 1493 506 1542 est
519 1484 582 1551 hoc,
598 1486 691 1543 omnia
703 1485 817 1556 animat,
832 1484 945 1552 format,
959 1483 1018 1548 alit,
1033 1487 1124 1552 auget,
1138 1484 1225 1548 creat,

312 1573 414 1646 Sepelit
424 1575 575 1649 recipitque
590 1576 663 1632 inse
677 1576 780 1645 omnia,
795 1575 977 1647 omniumque
991 1571 1064 1628 idem
1080 1577 1122 1626 est
1134 1576 1223 1640 pater.

242 1742 330 1807 Nam
348 1764 428 1837 quae
444 1738 505 1810 hic
528 1737 574 1809 de
599 1737 752 1827 mundo,
771 1737 897 1808 eadem
919 1735 1047 1834 saepius
1061 1732 1098 1804 in
1121 1729 1290 1802 Lucretio

240 1862 286 1935 de
308 1880 405 1937 terra
424 1880 540 1937 matre
559 1864 656 1936 dicta
668 1865 831 1961 legimus,
853 1886 934 1959 quae

630 2050 723 2108 Dubio
737 2049 833 2123 procui
847 2064 906 2106 esse
921 2047 1031 2105 videtur

345 2139 531 2212 omniparens
542 2139 639 2196 eadem
650 2155 742 2197 rerum
753 2154 901 2196 commune
913 2136 1091 2212 sepulchrum
1103 2137 1159 2210 (1);

239 2301 307 2373 nisi
324 2300 418 2373 forte
444 2317 598 2399 uterque
615 2302 904 2401 Xenophaneum
921 2299 1011 2373 illud
1032 2300 1195 2371 imitatus
1217 2298 1288 2369 sit:

338 2487 388 2547 Ἐκ
400 2487 478 2563 γαίης
491 2484 543 2569 γὰρ
558 2487 654 2564 πάντα,
668 2487 714 2548 καὶ
728 2489 765 2556 εἰς
775 2492 825 2568 γῆν
843 2486 932 2549 πάντα
944 2489 1054 2568 τελευτᾷ
1075 2485 1129 2569 (5),

237 2663 339 2762 quod
349 2665 425 2760 jam
438 2664 646 2762 AEschylum
661 2666 699 2735 in
713 2664 941 2763 Choephoris
957 2664 1032 2737 sere
1046 2678 1187 2736 constat
1205 2689 1287 2734 mu·

236 2802 379 2860 tuatum
394 2814 470 2860 esse
490 2789 555 2886 (6).
574 2794 619 2860 Et
638 2815 713 2886 quo
730 2789 849 2861 minus
865 2788 1075 2861 dubitemus
1093 2789 1182 2887 quin
1200 2788 1283 2887 phi-

234 2911 474 3012 losophorum
494 2915 678 2986 sententiae
698 2939 772 2986 non
793 2914 904 2986 modo
923 2916 1052 2987 doctos
1069 2930 1105 2987 et
1123 2914 1287 2987 eruditos

235 3041 418 3109 Romanos
434 3038 497 3109 sed
512 3055 549 3109 et
561 3038 787 3136 plebeculam
801 3038 907 3110 valde
920 3039 1195 3129 delectaverint,
1215 3039 1285 3137 ipsi

234 3162 391 3234 comoedi
412 3164 527 3235 multa
547 3161 594 3234 de
617 3189 747 3262 genere
771 3163 844 3236 hoc
870 3162 1003 3236 fabulis
1024 3165 1082 3236 vel
1104 3164 1150 3236 ad
1169 3165 1292 3272 risum·

288 3472 338 3526 Est
351 3470 474 3543 profecto
487 3475 573 3540 Deus,
589 3474 635 3547 qui
650 3488 713 3547 que
726 3490 777 3530 nos
791 3473 913 3548 gerimus
926 3473 1055 3548 auditque
1068 3483 1097 3532 et
1110 3475 1200 3542 videt,

274 3702 311 3783 (1)
334 3703 410 3766 Vide
423 3706 598 3787 exemplum
614 3705 676 3780 rei,
692 3723 760 3785 pag.
777 3710 826 3769 13.

273 3804 311 3879 (2)
334 3803 410 3881 Cic,
424 3804 466 3864 ud
477 3807 617 3878 Hereum,
634 3807 672 3872 ll,
687 3807 737 3866 113.

271 3904 310 3977 (3)
332 3901 401 3969 cic,
415 3903 452 3962 de
467 3901 620 3973 Dictaei„
633 3905 659 3973 l,
672 3905 719 3964 57.

272 3997 310 4080 (l)
335 4001 471 4076 Lucret,
488 4002 525 4076 V,
542 4005 601 4062 258
614 4000 772 4080 (Lacum).

272 4097 312 4173 (5)
335 4096 525 4176 Xenophan,
541 4095 622 4176 apud
634 4095 778 4161 Mullach.
793 4095 903 4177 fragm.
917 4102 944 4161 8.

273 4196 312 4270 (6)
334 4194 481 4274 AEschyi.,
496 4195 638 4274 Choeph,
655 4197 725 4274 125,
741 4197 810 4257 126.
