2886 4890
217 450 247 497 3⁴
515 446 555 496 DE
572 444 788 496 rffltosorfflot
805 444 960 496 potueris

214 582 426 638 contentum
441 566 514 636 suis
532 565 641 637 rebus
664 591 739 638 esse
759 568 922 637 maximae
941 581 1026 666 sunt
1040 567 1265 637 certissimae·

214 716 286 789 que
303 692 434 762 divitiae
454 691 505 788 (1)
518 722 550 762 n.

263 812 359 902 Quid
384 813 429 885 de
453 817 580 885 mortis
606 814 842 912 contemptu?
864 819 960 883 Num
989 813 1107 908 majus
1126 813 1266 911 ahquid

214 963 256 1009 ac
274 939 393 1008 verius
411 938 627 1009 invenerunt
645 939 748 1010 stoici
767 938 827 1008 iiia
845 943 989 1009 Naturae
1007 939 1265 1036 prosopopoeia

214 1089 286 1166 qua
305 1061 445 1134 homini
471 1064 552 1134 vitae
576 1063 729 1134 nimium
751 1061 885 1160 cupido
913 1063 1163 1134 necessitatem
1184 1087 1265 1134 mo·

212 1188 329 1260 riendi
348 1188 561 1260 denuntiat?

318 1378 398 1436 Cedit
412 1379 497 1449 enim,
508 1377 734 1436 rerumn'cvitate
746 1386 866 1444 extrusa,
881 1384 1002 1434 vetustas

318 1470 443 1541 Semper,
459 1476 487 1524 et
500 1483 533 1524 ex
544 1467 604 1524 aliis
617 1466 691 1523 atiud
705 1482 832 1538 reparare
846 1481 958 1523 necesse
969 1474 1032 1523 est:

317 1559 444 1616 Materies
455 1574 524 1632 opus
535 1566 577 1615 est
591 1565 623 1614 nt
635 1566 759 1614 crescant
773 1566 883 1630 postera
897 1556 969 1613 secia
985 1562 995 1626 t
1013 1561 1034 1624 ).

215 1728 327 1823 Velim
356 1729 525 1826 equidem
554 1729 769 1807 morientem
788 1731 866 1801 aliis
888 1723 1175 1802 verbis‘solatus
1196 1705 1306 1833 siff*⁴

213 1853 246 1923 ei
272 1867 355 1924 ante
379 1852 505 1924 oculos
528 1852 680 1924 alteram
701 1851 895 1948 subjecerit
922 1854 1048 1942 vitam,
1080 1852 1263 1951 deumque
1312 1902 1315 1905 -

212 1975 395 2048 bonorum
415 1979 669 2076 maiorumque
694 1992 904 2049 nostrorum
927 1977 1198 2050 observatorem
1222 2005 1263 2051 ac
1342 2031 1345 2035 «
1394 2058 1399 2069 .

212 2103 414 2191 custodem,
436 2105 500 2200 qui
518 2102 593 2198 jam
612 2103 760 2200 praemia
775 2102 845 2200 piis
868 2118 1060 2202 praeparat,
1093 2103 1261 2205 filiosque

143 2242 148 2252 '
211 2227 259 2299 ad
276 2252 312 2298 se
331 2227 498 2319 reduces,
528 2242 568 2298 ut
594 2241 715 2325 pater,
742 2228 909 2332 amplexu
932 2228 1096 2326 excipiet.
1125 2228 1196 2299 Sed
1218 2228 1263 2299 de

215 2351 284 2442 his,
302 2354 339 2423 ni
353 2353 472 2444 failor,
493 2377 567 2423 non
589 2353 708 2422 minus
731 2351 899 2424 tacebant
921 2353 1037 2444 stoici,
1060 2350 1117 2424 vel
1136 2353 1264 2425 saitem

212 2493 329 2551 tacere
345 2476 566 2563 debuissent,
580 2478 715 2576 quippe
728 2479 792 2575 qui
804 2494 972 2550 naturam
983 2479 1111 2550 animae
1121 2478 1261 2573 igneam

212 2603 449 2695 declarand0‚
481 2628 696 2702 corpoream
722 2628 797 2674 esse
824 2603 1105 2701 profiterentur,
1144 2628 1262 2702 eoque

211 2745 354 2802 tantum
378 2727 489 2800 modo
507 2743 678 2799 aeternam
693 2743 734 2799 ut
752 2745 881 2802 ceterae
901 2755 1027 2801 omnes
1046 2746 1130 2801 sunt
1150 2746 1261 2802 mate·
1359 2694 1396 2764 .''

212 2855 278 2926 rici
299 2868 438 2952 partes3
460 2852 644 2950 deumque
668 2878 774 2922 suum
800 2852 891 2924 nihil
916 2854 1017 2926 aliud
1041 2880 1116 2926 esse
1151 2880 1261 2954 quam

212 2979 392 3050 mundum
409 2978 542 3075 ipsum,
559 2976 660 3047 duris
671 2977 734 3048 fati
751 2977 889 3074 legibus
904 2959 1094 3077 illigatum,
1110 2982 1264 3080 sapienti

212 3106 270 3176 vix
282 3127 420 3203 parem,
445 3100 582 3172 nedum
595 3100 672 3195 ejus
681 3100 791 3197 judex
804 3128 879 3174 esse
894 3107 1008 3201 possit
1023 3105 1086 3202 (3).

212 3258 216 3291 ε
262 3228 358 3317 Quid
378 3225 480 3325 quod
492 3227 690 3324 Epicureus
706 3227 785 3315 iste,
808 3219 1020 3325 quanquam
1043 3231 1080 3299 in
1104 3207 1262 3326 magistri

217 3352 324 3425 verba
347 3352 430 3450 plus
451 3375 555 3449 aequo
580 3349 702 3445 jurare
725 3350 917 3423 adstrictus
945 3368 1018 3443 est,
1042 3379 1202 3452 persaepe
1229 3357 1264 3426 vi

215 3475 373 3575 quadam
390 3475 563 3564 veritatis,
584 3489 624 3545 ut
644 3474 693 3545 ita
716 3473 855 3568 dicam,
874 3475 1055 3567 devictus,
1077 3495 1263 3579 acceptam
1338 3526 1351 3541 .·

255 3745 296 3824 (i)
317 3744 421 3811 Cicer,
433 3743 612 3814 Paradene
629 3743 686 3822 Vi,
704 3747 731 3806 3.

257 3841 296 3926 (ἓ)
321 3844 455 3912 Lucret.‚
469 3842 523 3916 ΙΙΙ,
540 3844 599 3902 964
614 3841 768 3919 (Lachm.).

165 3952 167 3956 ·
256 3941 296 4022 (3)
319 3942 361 4002 De
385 3936 498 4019 quibus
523 3936 590 3999 vide
616 3939 864 4019 exquisitissima
895 3942 1041 4006 doctrinae
1071 3952 1260 4006 commenta-

214 4039 330 4100 tionem
345 4036 395 4099 cui
409 4035 517 4097 titulus
531 4034 711 4098 inscribitur
727 4055 734 4097 :
751 4038 894 4100 Me'mot're
914 4059 967 4101 sar
983 4042 1010 4102 ie
1031 4049 1189 4119 amiciciae,
1207 4062 1265 4123 par

82 4180 86 4187 ·
178 4162 196 4215 j
214 4140 253 4201 M.
272 4137 355 4199 Felix
378 4133 562 4207 Ravaiss0n‚
591 4136 749 4198 memores
770 4137 806 4197 de
825 4137 993 4215 l’Instt'tnt,
1015 4141 1177 4202 Academia
1209 4142 1265 4203 des
1288 4148 1290 4153 '

187 4224 197 4235 “’
215 4241 409 4317 inscriptions
423 4241 451 4297 et
464 4235 682 4313 belleelettres,
701 4235 841 4298 nouvelle
857 4237 952 4316 serie,
966 4244 989 4300 t.
1004 4241 1088 4317 XXI,
1105 4226 1192 4303 1857.
