2886 4890
193 454 225 503 28
494 449 535 498 DE
552 447 768 501 PlllLOSOPHlCl
787 447 942 499 rutnans

194 572 301 663 Quod
320 575 349 642 si
365 569 520 669 probare
542 569 651 642 velim
680 571 865 668 exemplis,
890 571 1004 643 multa
1017 572 1094 668 jam
1111 588 1245 672 praesto

194 714 290 770 sunt.
321 703 517 795 Postquam
536 696 633 768 enim
652 697 778 794 paucis
796 694 885 768 dixit
906 697 1028 768 omnia
1046 698 1084 767 in
1112 713 1245 770 natura

196 824 327 895 mutari
341 837 452 920 atque
468 822 593 909 lluere,
608 845 729 893 rerum
745 836 867 893 tamen
885 847 1064 894 summam
1080 847 1243 915 manere,

194 947 277 1019 inde
295 946 555 1044 consequentia
569 944 723 1040 jungens
739 946 926 1045 principiis
940 947 987 1018 ad
1003 947 1041 1018 id
1058 973 1126 1021 nos
1143 948 1247 1021 ducit

193 1074 458 1146 elementorum
480 1069 729 1170 spectaculum
745 1095 827 1168 quae

297 1263 381 1322 Unde
394 1263 496 1320 abeunt
508 1263 646 1331 minuunt,
662 1278 716 1335 quo
729 1277 828 1320 venere
842 1263 971 1336 augmine
985 1264 1100 1336 donant,

300 1353 350 1410 illa
364 1367 518 1417 senescere,
531 1360 560 1408 at
572 1351 633 1409 haec
645 1360 740 1408 contra
754 1351 899 1409 lloresoere
913 1362 1029 1426 cogunt,

300 1443 360 1498 Nec
374 1447 548 1497 remorantur
560 1439 612 1509 ibi3
628 1439 667 1496 sic
681 1455 775 1496 rerum
786 1455 897 1497 summa
915 1450 1032 1498 novatur

301 1533 427 1602 Semper,
442 1536 470 1585 et
482 1528 555 1584 inter
567 1544 597 1585 se
611 1528 742 1586 mortales
757 1537 853 1585 mutua
868 1529 971 1601 vivunt,

300 1625 460 1693 augescunt
470 1617 530 1675 aliae
543 1625 647 1691 gentes,
662 1618 722 1674 aliae
734 1617 908 1688 minuuntur,

299 1713 386 1782 inque
399 1706 472 1764 brevi
486 1707 574 1780 spatio
589 1714 732 1763 mutantur
745 1707 817 1763 secla
830 1708 1012 1777 animantum,

301 1801 336 1855 Et
349 1797 427 1873 quasi
442 1811 568 1854 cursores
580 1795 648 1853 vitai
662 1796 789 1869 lampada
801 1796 916 1855 tradunt
927 1802 975 1867 (1).

200 1991 342 2081 Quibus
362 1988 525 2062 versibus
543 1987 633 2085 quid
651 1987 783 2083 majus,
813 1988 902 2086 quid
931 1979 1244 2061 sublimiusinve·

196 2117 297 2188 nias?
322 2121 402 2204 Qua
420 2112 728 2210 contemplatione
746 2112 792 2184 ad
816 2113 945 2184 altiora
961 2140 1063 2186 mens
1080 2113 1243 2185 humana

195 2242 309 2341 possit
326 2238 495 2312 evolare?
512 2243 639 2309 Nonne
653 2240 704 2308 sic
717 2237 808 2309 deus
826 2237 915 2336 ipse,
938 2239 1040 2337 operi
1051 2263 1117 2309 suo
1128 2239 1246 2310 inten-

199 2382 270 2456 tus,
291 2390 312 2437 e
331 2363 468 2436 siderea
484 2361 568 2434 sede
589 2361 710 2433 omnia
727 2362 898 2452 viventia,
915 2363 1005 2434 dum
1019 2363 1057 2434 in
1071 2363 1247 2463 temporis

196 2488 314 2562 stadio
333 2500 487 2560 currunt
508 2510 549 2558 ac
581 2484 730 2558 brevem
763 2487 875 2559 vitam
894 2488 964 2560 alia
984 2487 1062 2560 aliis
1080 2487 1245 2578 tradunt,

195 2615 402 2688 aeternitatis
424 2638 496 2685 suae
513 2637 662 2685 securus
677 2611 888 2712 adspectat?

245 2740 332 2812 lnde
358 2738 406 2810 ad
437 2753 579 2810 atomos
613 2736 720 2829 redit,
748 2737 872 2835 eisque
909 2738 1017 2810 docet
1037 2764 1096 2811 res
1113 2756 1157 2811 ‘eo
1176 2738 1245 2811 du·

196 2867 310 2936 riores
328 2889 371 2935 ac
389 2862 574 2935 densiores
592 2878 656 2934 aut
673 2887 800 2933 rursus
822 2862 1006 2935 molliores
1029 2888 1071 2934 ac
1090 2865 1246 2935 rariores

196 2988 369 3061 constitui
395 3012 470 3085 quo
500 2990 634 3059 arctius
652 2986 811 3058 laxiusve
845 2991 1131 3084 conjungantur3
1159 2988 1247 3059 alias

197 3130 320 3186 autem
332 3138 409 3185 esse
424 3138 507 3211 quae
524 3111 647 3184 liberae
667 3137 810 3211 semper
829 3128 1017 3209 vagentur.
1038 3117 1158 3200 Quam
1176 3112 1247 3183 ari-

196 3238 283 3310 dam
310 3238 498 3310 materiem
516 3261 591 3333 quo
619 3235 771 3309 artificio
790 3236 964 3308 laetiorem
983 3236 1116 3309 faciet?
1144 3241 1246 3332 lnge-

198 3363 438 3434 niosissimam
465 3386 598 3460 nempe
623 3359 772 3433 adhibet
795 3361 1023 3432 minutorum
1048 3386 1245 3461 corpuscu-

196 3486 319 3558 lorum
337 3487 529 3583 imaginem
549 3511 632 3583 quae
649 3486 687 3557 in
706 3485 791 3558 solis
806 3484 916 3557 radiis
933 3485 1121 3558 videmus:

302 3681 513 3754 Contemplator
527 3680 613 3750 enim,
625 3698 712 3756 quum
724 3682 790 3739 solis
801 3682 906 3740 lumina
920 3697 1038 3756 cumque

302 3771 403 3830 Inserti
417 3769 537 3827 lundunt
548 3770 617 3828 radii
629 3786 678 3842 per
692 3787 776 3844 opaca
791 3771 955 3841 domorum;

302 3863 388 3920 Multa
400 3863 504 3918 minuta
519 3861 611 3918 modis
624 3862 719 3919 multis
731 3878 781 3935 per
794 3863 875 3919 inane
889 3861 993 3920 videbis

303 3955 424 4026 Corpora
439 3952 564 4021 misceri,
577 3950 720 4009 radiorum
734 3952 837 4009 lumine
850 3952 879 4009 in
892 3952 963 4024 ipso,

243 4250 283 4333 (t)
304 4253 420 4313 Lucret.
440 4249 481 4323 11,
498 4249 591 4310 tata
606 4247 767 4330 (Lachml
