2886 4890
215 418 247 466 80
511 416 552 467 DE
569 413 788 467 Pflttosortttct
804 413 960 468 torulus

263 541 388 634 Neque
404 536 461 608 his
474 537 558 610 solis
572 538 795 609 ornamentis
810 552 934 609 noster
947 537 1130 608 tristitiam
1148 551 1266 608 mate-

214 661 312 733 teriae
329 686 439 758 quam
459 663 614 759 elegerat
632 661 830 735 exhilarare
848 686 890 734 ac
908 662 1066 758 legentes
1081 661 1265 734 delectare

213 786 364 877 studuit,
386 787 448 859 sed
469 802 505 860 et
523 788 593 859 illis
609 786 919 876 similitudinibus,
939 784 1260 884 descriptionibus

211 907 391 992 ἐπεισοδίοις
411 938 492 1010 quae
512 913 585 1008 jam
606 912 846 984 laudavimus.
867 917 917 982 Ea
933 935 1067 1009 nempe
1092 910 1263 983 consulto

210 1035 361 1107 consilio
378 1037 428 1108 ita
444 1037 550 1108 certis
566 1036 652 1107 locis
673 1034 834 1133 disponit
848 1051 890 1107 ut
908 1060 1099 1132 nunquam
1117 1035 1264 1134 longius

211 1157 257 1230 sit
270 1184 336 1257 per
353 1176 564 1256 argumenta
574 1160 666 1231 sicca
685 1175 797 1257 atque
815 1159 974 1231 difficilia
986 1160 1055 1232 iter
1073 1160 1120 1232 ad
1139 1185 1196 1252 ea,
1218 1175 1262 1232 ut

210 1284 260 1355 ita
275 1284 408 1385 dicam,
429 1284 654 1356 diverticula.
675 1290 791 1373 Quam
812 1299 926 1356 artem
943 1309 1016 1356 non
1036 1285 1169 1357 minori
1185 1301 1261 1357 stu·

208 1407 270 1479 dio
295 1433 337 1480 ac
362 1409 531 1481 felicitate
552 1409 720 1504 Virgilius
744 1410 907 1481 imitatus
924 1425 999 1499 est,
1030 1410 1167 1509 quippe
1194 1411 1260 1508 qui

208 1531 478 1605 Atheniensium
504 1533 745 1632 pestilentiam
768 1549 1019 1606 armentorum
1041 1559 1083 1606 ae
1108 1559 1258 1632 gregum

207 1658 408 1730 autumnali
432 1657 585 1749 morbo,
615 1672 656 1729 ut
681 1657 720 1730 in
745 1657 931 1757 palaestra,
964 1659 1155 1732 aemulatus
1179 1685 1258 1732 esse

206 1784 383 1857 videatur.

260 1909 330 1981 Sed
344 1909 433 1981 dum
447 1911 484 1981 in
500 1908 622 1980 uuiltis
631 1909 839 1981 Lucretium
855 1910 1061 1982 imitaretur
1077 1915 1192 2000 Maro,
1202 1913 1257 1984 lu-

205 2033 351 2106 culento
365 2034 530 2132 exemplo
539 2034 690 2105 edoctus
699 2033 814 2105 multa
822 2058 971 2132 quoque
983 2036 1107 2108 vitavit
1122 2038 1256 2134 apoesi

204 2184 353 2258 prorsus
386 2160 524 2248 aliena,
558 2184 638 2256 quae
667 2158 875 2231 scholarum
903 2158 1106 2232 doctrinam
1137 2161 1253 2233 nimio
1330 2237 1334 2244 ,

202 2284 284 2384 plus
297 2284 522 2364 redolebant.
540 2290 630 2355 Nam
644 2310 760 2382 quum
773 2299 852 2357 toto
869 2285 991 2357 animo
1009 2285 1046 2356 in
1059 2285 1097 2356 id
1110 2285 1253 2358 incum-

201 2408 264 2481 bat
279 2425 400 2482 noster
414 2425 456 2482 ut
469 2411 680 2482 Memmium
694 2425 800 2480 suum
816 2408 957 2501 doceat,
977 2394 1137 2509 persaepe
1151 2436 1253 2485 more

203 2538 455 2632 magistrorum
474 2534 691 2632 discipulum
712 2536 884 2634 appellat,
904 2552 946 2609 ut
966 2550 1161 2626 attentum,
1183 2537 1252 2611 do-

200 2658 305 2730 cilem
326 2684 369 2732 ac
395 2685 594 2732 memorem
614 2660 721 2732 faciat
745 2685 753 2729 ε

305 2845 413 2914 Dicam,
427 2853 457 2902 tu
471 2845 580 2919 percipe
592 2845 676 2903 dicta.

303 2936 346 2992 Tu
361 2934 402 2992 lac
416 2951 452 2993 ne
463 2935 553 2992 ventis
566 2937 649 2993 verba
665 2934 838 3008 profundam.

304 3024 441 3098 Principio
455 3023 509 3080 hoc
523 3023 586 3081 dico
590 3063 714 3082 .....

302 3112 384 3183 Quod
396 3112 419 3168 si
433 3111 534 3185 aliquis
548 3111 619 3169 lorte
632 3111 720 3169 credit
721 3153 847 3170 .....

301 3201 383 3276 Quod
395 3201 529 3275 quoniam
541 3200 621 3258 vinco
636 3200 706 3268 lieri,
721 3217 796 3257 nunc
808 3216 868 3258 esse
882 3201 1016 3274 probabo.

301 3291 372 3349 lllud
386 3292 414 3347 in
428 3291 471 3348 his
482 3291 565 3347 rebus
578 3305 688 3363 quoque
704 3299 732 3347 te
745 3305 913 3362 cognoscem
928 3306 1050 3349 avemus.
1072 3335 1079 3349 .
1101 3332 1108 3349 .
1128 3334 1136 3350 .

301 3380 373 3436 lllud
385 3380 414 3437 in
425 3379 468 3436 his
482 3379 659 3437 observatum
673 3393 783 3453 quoque
795 3380 878 3448 rebus
890 3377 990 3436 hahere

301 3469 437 3527 Convenit
448 3477 476 3526 et
488 3469 608 3526 memori
624 3468 786 3526 mandatum
801 3475 894 3525 mente
906 3476 1002 3525 tenere
1011 3470 1060 3538 (1).

242 3634 330 3718 Quae
345 3646 385 3702 ut
403 3631 439 3701 in
456 3629 545 3702 ludo
564 3645 649 3731 apta
670 3656 712 3702 ac
737 3630 1010 3723 convenientia,
1029 3631 1081 3702 ita
1103 3631 1140 3703 in
1164 3656 1246 3705 car·

194 3753 303 3841 mine,
319 3754 403 3826 licet
415 3754 603 3826 Hesiodeis
615 3755 787 3856 exemplis
796 3754 917 3827 forsan
931 3754 1075 3828 defendi
1087 3759 1244 3856 possint,

193 3876 289 3948 taedii
300 3878 405 3974 plena
420 3894 529 3976 atque
540 3880 685 3952 inimica
695 3881 873 3979 voluptati
885 3905 961 3951 esse
971 3880 1242 3954 affirmaverim.

231 4091 272 4172 (l)
294 4093 424 4166 Lucret,
446 4093 496 4168 IV,
522 4095 592 4170 880,
613 4095 683 4170 931,
702 4097 778 4173 111;
799 4094 841 4169 11,
863 4095 938 4161 125,
961 4095 1039 4172 118,
1061 4096 1138 4170 216,
1168 4096 1240 4168 581;

191 4206 226 4260 ac
240 4189 345 4254 multis
358 4190 425 4253 aliis
437 4189 469 4254 in
483 4190 568 4253 locis.
