2886 4890
470 428 659 481 conntttonu
677 429 759 482 APUD
777 428 965 481 tucnnnnu.
1210 435 1241 484 37

243 549 346 621 Unde
369 548 460 620 mibi
487 551 694 622 Lucretium
728 551 858 648 legenti
890 576 1048 650 persaepe
1079 552 1242 624 animum

196 673 305 747 subiit
326 675 497 773 cogitatio
521 675 596 747 duo
614 675 745 766 luisse,
766 690 808 747 ut
825 677 875 747 ita
894 675 1027 768 dicam,
1044 678 1241 776 Epicureo-

196 827 278 873 rum
296 826 445 897 genera‚
471 800 561 872 duas
580 800 724 873 formas.
746 807 882 873 Eorum
904 801 1028 890 alteri,
1056 828 1172 901 quum
1190 807 1243 875 ni·

195 925 248 996 hil
266 941 397 1024 practer
417 926 514 998 hanc
530 926 641 999 vitam
659 943 920 1027 exspectarent,
937 953 978 1000 ea
996 929 1124 1001 saltem
1141 946 1239 1002 uten-

194 1052 283 1124 dum
295 1076 337 1123 ac
348 1051 543 1124 fruendum
557 1078 633 1125 esse
646 1052 874 1149 colligebant.
893 1056 921 1124 li
934 1079 1065 1154 nempe
1079 1084 1096 1120 α
1109 1055 1146 1127 in
1161 1080 1242 1128 rosa

194 1176 429 1275 potabant»,
453 1193 495 1250 ut
519 1178 578 1250 ille
600 1183 641 1250 L.
660 1177 815 1250 Thorius
838 1178 970 1250 Balbus
994 1178 1040 1252 de
1066 1195 1241 1278 quotam

196 1302 378 1375 luculente
398 1303 534 1375 Tullius
560 1301 701 1374 disserit
724 1303 795 1399 (l);
818 1305 941 1403 cupidi
966 1306 1182 1405 voluptatis,
1207 1321 1242 1377 et

197 1427 355 1523 cujusvis
369 1428 509 1524 generis
525 1427 603 1524 ejus
621 1428 871 1525 intelligentes,
884 1431 931 1502 ad
944 1431 982 1503 id
1001 1446 1144 1504 tantum
1162 1455 1242 1502 mo-

195 1552 312 1623 riendi
325 1552 573 1625 necessitatem
589 1552 876 1626 recordabantur
895 1580 970 1652 quo
989 1554 1243 1652 properantius
1320 1636 1324 1640 Α

196 1677 342 1749 delicias
352 1676 514 1775 undique
528 1677 735 1762 haurirent,

442 1856 518 1912 Dum
532 1870 588 1925 res,
602 1864 630 1912 et
640 1863 716 1924 aetas,
731 1863 760 1913 et
772 1871 899 1914 sororum

443 1942 501 1999 Fila
512 1943 599 2001 trium
611 1952 769 2016 paterentur
781 1951 853 2000 atra.

194 2113 248 2178 De
263 2107 406 2206 reliquo
425 2107 726 2205 tranquillitatem
752 2108 862 2179 animi
881 2124 939 2199 et,
960 2132 1072 2206 quam
1099 2133 1242 2183 nuncu·

194 2230 344 2330 pabaut,
363 2234 528 2331 ἀταραξίαν
553 2258 781 2332 summopere
800 2232 1022 2330 quaerebant.
1048 2233 1157 2306 Alteri
1178 2259 1243 2305 arr-

195 2373 269 2430 tem
294 2383 336 2430 ex
354 2357 482 2430 iisdem
504 2358 691 2458 principiis
711 2359 855 2457 egressi,
877 2358 1019 2431 diverso
1046 2359 1174 2431 itinere
1197 2358 1243 2430 ad

194 2483 304 2556 finem
322 2483 429 2582 plane
452 2483 676 2556 contrarium
703 2483 961 2576 deveniebant3
984 2482 1118 2581 quibus
1147 2499 1242 2555 terra

194 2609 298 2706 quasi
314 2611 413 2707 regio
427 2609 567 2682 deserta
582 2625 693 2708 atque
710 2609 852 2698 infesta,
868 2609 972 2682 malis
986 2624 1096 2709 atque
1116 2633 1243 2680 aerum·

193 2735 249 2806 nis
264 2751 418 2828 scatens,
438 2736 474 2808 in
490 2760 600 2835 quam
615 2735 729 2808 homo
749 2735 823 2807 sato
840 2734 978 2808 crudeli
994 2735 1190 2823 demissus,

408 2922 440 2970 ut
452 2912 531 2971 saeris
544 2912 683 2986 projectus
698 2912 732 2968 ab
748 2911 829 2969 undis
843 2909 950 2979 Navita,

193 3098 278 3144 cum
297 3054 439 3145 invictis
463 3097 584 3145 rerum
607 3072 766 3162 viribus,
788 3071 917 3144 debilis
939 3086 1049 3170 atque
1079 3068 1239 3155 inermis

194 3197 288 3269 mala
320 3196 465 3270 fortuna
494 3199 747 3296 componitur,
777 3222 898 3296 neque
921 3195 1015 3268 ullos
1042 3211 1105 3268 aut
1135 3195 1242 3268 flores

194 3338 258 3395 aut
289 3322 428 3394 sructus
451 3324 590 3422 carpit,
617 3324 705 3422 quin
731 3326 851 3393 amari
873 3321 1014 3421 aliquid
1036 3322 1241 3393 immixtum

193 3448 365 3520 inveniat.
398 3454 452 3521 De
469 3448 544 3521 vita
561 3449 671 3546 igitur
690 3447 784 3521 bene
799 3472 841 3520 ac
860 3446 966 3520 beate
988 3446 1241 3519 constituenda

193 3599 278 3646 eum
296 3573 543 3672 desperarent,
559 3598 670 3645 vanas
691 3588 727 3645 et
743 3588 934 3672 corruptas
950 3572 1155 3672 voluptates
1172 3595 1244 3643 res·

111 3686 117 3698 ⁶
192 3697 373 3798 puehant,
402 3699 590 3797 maestique
616 3697 824 3770 felicitatem
849 3696 1110 3797 deplorabant,
1139 3695 1243 3791 eujus

193 3847 294 3921 spem
311 3837 348 3894 et
371 3822 581 3922 cupidinem
597 3848 681 3894 cum
701 3838 832 3896 natura
846 3823 1009 3896 humano
1029 3822 1168 3922 pectori
1184 3822 1237 3893 in·

194 3947 342 4039 severit,
372 3946 449 4046 ipsa
476 3948 568 4022 fallit
587 3974 629 4021 ao
648 3948 748 4021 velut
777 3947 915 4022 irridet.
934 3954 1053 4037 Quam
1074 3947 1241 4045 despera-

239 4212 282 4295 (l)
303 4211 412 4288 Cicer„
433 4216 475 4276 De
488 4213 631 4292 Finibus,
644 4216 670 4277 ll
681 4218 747 4290 ,20.
