2886 4890
432 467 623 518 counitione
640 466 722 518 APUD
739 464 928 516 cacuminat.
1171 469 1203 517 65

157 616 217 662 sus
240 591 315 687 (l),
334 592 535 662 »Statius«
554 589 796 684 Montivagam
815 588 968 659 Dianam
988 586 1040 685 (2)
1057 615 1094 677 »3
1116 589 1202 658 tari·

156 741 292 787 cremas
307 741 394 786 aras
411 715 587 812 negligere
602 714 704 801 nullo
720 727 829 812 pacto
845 713 979 811 potuit,
995 713 1060 810 qui
1072 737 1204 783 aurum

156 854 352 911 estercore
381 839 486 910 Ennii
516 837 707 934 colligebat
724 837 892 934 Virgilius
911 836 976 934 (3).
1007 836 1143 908 Vellem
1168 851 1204 907 et

143 963 399 1062 fluctifragum
413 962 514 1033 littus
533 961 574 1059 (Ι,
585 962 689 1059 305);
712 960 906 1032 e'nuubr'lam
926 984 1009 1033 aera
1026 959 1101 1056 (ΙΙΙ,
1119 958 1200 1050 21);

155 1088 368 1158 lauricomos
386 1101 525 1158 montes
536 1092 609 1182 (ΙΙΙ,
625 1084 727 1178 152);
739 1111 873 1157 canum
889 1084 1080 1155 levisomna
1092 1083 1203 1155 corda

155 1213 212 1310 (V,
224 1212 308 1305 864)
321 1239 331 1302 3
345 1212 545 1282 suavidt'cos
559 1237 684 1282 versus
700 1211 884 1307 (lv,180);
901 1208 1087 1306 silvfiaga
1103 1207 1202 1279 venti

154 1334 266 1406 flabra
284 1335 325 1422 (Ι,
349 1335 435 1433 277)
454 1360 530 1406 uon
554 1334 850 1433 contempsisset,
867 1333 996 1430 digna,
1021 1333 1059 1403 ni
1073 1332 1199 1421 fallor,

154 1485 234 1556 quae
249 1484 324 1531 non
338 1459 547 1558 repudiaret
562 1464 626 1557 qui
644 1461 681 1530 in
701 1475 774 1530 tam
788 1458 910 1530 multis
926 1457 1005 1529 aliis
1023 1456 1202 1528 heredita-

153 1597 226 1654 tem
242 1585 398 1655 Lucretii
416 1584 505 1655 adiit
518 1598 628 1681 atque
643 1583 844 1682 usurpavit.

200 1707 269 1780 Sed
282 1708 327 1781 de
338 1709 396 1779 his
406 1707 591 1797 hactenus,
602 1734 683 1806 quae
694 1709 845 1780 fortasse
855 1732 953 1803 gram
959 1707 1096 1778 maticae
1105 1731 1202 1777 com-

154 1834 365 1904 mentationi
395 1833 546 1904 fuissent
572 1831 801 1904 reservanda.
833 1838 958 1928 Neque
987 1831 1033 1902 de
1061 1844 1137 1901 arte
1165 1845 1202 1901 et

152 1958 415 2054 compositione
438 1982 608 2029 versuum
640 1957 835 2044 disseram,
861 1957 897 2025 in
921 1954 1055 2052 quibus
1084 1979 1198 2050 quum

150 2105 309 2179 persaepe
327 2080 441 2153 Ennio
468 2096 504 2152 et
525 2081 661 2152 Lucilio
682 2081 788 2176 longe
814 2080 957 2152 doctior
980 2103 1022 2149 ac
1048 2077 1200 2176 peritior

151 2222 322 2303 appareat
338 2221 475 2296 noster,
495 2221 639 2292 tamen,
659 2206 732 2276 sive
755 2204 921 2276 elisiones
942 2216 1101 2300 spectes,
1125 2202 1200 2273 sive

150 2354 316 2419 caesuras,
337 2330 412 2402 sive
426 2355 599 2401 versuum
622 2329 819 2400 sectionem
832 2343 869 2399 et
891 2327 1024 2423 rejecta
1036 2326 1132 2425 (quae
1142 2325 1197 2396 di-

150 2454 251 2551 cunt)
265 2453 388 2545 verba,
412 2455 526 2527 multa
544 2454 591 2525 ad
605 2454 821 2525 severiorem
839 2451 1022 2548 elegantiae
1036 2451 1196 2547 regulam

149 2579 318 2675 Virgilius
336 2579 590 2652 conformavit.
618 2584 736 2650 Pauca
754 2593 877 2649 autem
900 2577 1030 2649 addam
1051 2575 1097 2647 de
1115 2600 1197 2647 ver-

150 2700 204 2773 bis
219 2703 398 2774 translatis
420 2719 529 2801 atque
551 2704 764 2792 immutatis,
791 2727 871 2800 quae
887 2727 962 2773 non
987 2700 1097 2772 modo
1120 2724 1199 2770 ora·

149 2827 284 2897 tionem
312 2827 416 2924 quasi
445 2827 554 2898 stellae
574 2826 761 2924 quaedam,
791 2841 833 2898 ut
856 2827 907 2898 ait
927 2825 1076 2916 Tullius,
1099 2825 1197 2895 illus·

148 2964 257 3037 trant,
275 2951 338 3022 sed
350 2952 531 3050 praecipue
546 2955 698 3048 poesim,
708 2952 814 3049 cujus
828 2977 907 3025 eam
920 2951 1106 3050 propriam
1120 2973 1197 3019 esse

147 3072 291 3146 laudem
312 3074 462 3147 dixerim
479 3091 521 3148 ut
533 3101 591 3147 res
613 3102 741 3148 omnes
760 3101 835 3147 non
852 3077 1016 3175 corporis
1033 3089 1194 3161 tantum,

147 3198 210 3269 sed
229 3200 358 3270 mentis
376 3200 490 3270 oculis
512 3199 645 3272 videat.

195 3327 270 3394 Hac
285 3337 368 3394 ante
385 3348 512 3394 omnes
520 3324 557 3395 vi
576 3325 795 3420 imaginandi
816 3324 984 3396 excelluit
992 3321 1191 3394 Lucretius.

147 3448 217 3515 Seu
236 3445 437 3517 humanum
462 3472 573 3544 genus
589 3447 770 3520 describat
786 3472 999 3546 oppressum

565 3614 647 3671 Gravi
662 3616 712 3672 sub
726 3616 858 3687 religione

251 3705 319 3774 Quae
332 3712 414 3774 caput
428 3720 443 3759 a
456 3703 517 3761 coeli
530 3704 687 3777 regionibus
701 3704 872 3771 ostendebat,

254 3791 384 3848 Horribili
398 3808 481 3865 super
495 3790 626 3864 adspectu
640 3793 803 3850 mortalibus
815 3793 920 3851 instans
932 3793 987 3866 (4);

186 3947 225 4027 (Ι)
247 3932 466 4026 (ΙΙο.,’ΤαεσιιΙ.,
480 3951 517 4023 V,
533 3951 584 4011 at.
619 3974 623 3982 -

188 4046 227 4128 (2)
250 4047 334 4118 Stat,
352 4047 473 4124 statut,
487 4049 513 4119 Ι,
525 4051 594 4111 430.
677 4074 679 4079 ’

185 4147 224 4222 (3)
247 4149 377 4220 Lucret,
391 4148 433 4220 ΙΙ,
450 4149 520 4210 353.
537 4146 628 4226 Virg,
645 4147 732 4224 AEa.,
748 4151 797 4221 tv,
814 4152 883 4211 aaa.

185 4243 226 4322 (l)
249 4245 380 4315 lucret,
396 4247 422 4320 l,
442 4247 482 4306 63
495 4244 653 4323 (boehm).
