<?xml version="1.0" encoding="UTF-8"?>
<!DOCTYPE html PUBLIC "-//W3C//DTD XHTML 1.0 Transitional//EN"
    "http://www.w3.org/TR/xhtml1/DTD/xhtml1-transitional.dtd">
<html xmlns="http://www.w3.org/1999/xhtml" xml:lang="en" lang="en">
 <head>
  <title>
</title>
<meta http-equiv="Content-Type" content="text/html;charset=utf-8" />
  <meta name='ocr-system' content='tesseract 3.04.00' />
  <meta name='ocr-capabilities' content='ocr_page ocr_carea ocr_par ocr_line ocrx_word'/>
</head>
<body>
  <div class='ocr_page' id='page_1' title='image "./dephilosophicip00higngoog_0021.png"; bbox 0 0 2886 4890; ppageno 0'>
   <div class='ocr_carea' id='block_1_1' title="bbox 201 452 945 508">
    <p class='ocr_par' dir='ltr' id='par_1_1' title="bbox 201 452 945 508">
     <span class='ocr_line' id='line_1_1' title="bbox 201 452 945 508; baseline -0.003 0"><span class='ocrx_word' id='word_1_1' title='bbox 201 462 231 508; x_wconf 84' lang='lat'><strong>1⁰</strong></span> <span class='ocrx_word' id='word_1_2' title='bbox 497 454 538 506; x_wconf 80' lang='lat' dir='ltr'><strong>llll</strong></span> <span class='ocrx_word' id='word_1_3' title='bbox 554 452 770 506; x_wconf 78' lang='lat' dir='ltr'><strong>runosorfflci</strong></span> <span class='ocrx_word' id='word_1_4' title='bbox 788 453 945 506; x_wconf 73' lang='lat' dir='ltr'><strong>renuitis</strong></span> 
     </span>
    </p>
   </div>
   <div class='ocr_carea' id='block_1_2' title="bbox 197 575 1248 903">
    <p class='ocr_par' dir='ltr' id='par_1_2' title="bbox 197 575 1248 903">
     <span class='ocr_line' id='line_1_2' title="bbox 198 575 1248 675; baseline -0.005 -24"><span class='ocrx_word' id='word_1_5' title='bbox 198 581 235 651; x_wconf 96' lang='lat' dir='ltr'><strong>in</strong></span> <span class='ocrx_word' id='word_1_6' title='bbox 269 576 472 675; x_wconf 87' lang='lat' dir='ltr'><strong>judicandis</strong></span> <span class='ocrx_word' id='word_1_7' title='bbox 502 578 659 650; x_wconf 89' lang='lat' dir='ltr'><strong>aliorum</strong></span> <span class='ocrx_word' id='word_1_8' title='bbox 698 575 886 649; x_wconf 83' lang='lat' dir='ltr'>laboribus</span> <span class='ocrx_word' id='word_1_9' title='bbox 914 575 1137 673; x_wconf 81' lang='lat' dir='ltr'><strong>aequissimos</strong></span> <span class='ocrx_word' id='word_1_10' title='bbox 1170 598 1248 646; x_wconf 91' lang='lat' dir='ltr'><strong>esse</strong></span> 
     </span>
     <span class='ocr_line' id='line_1_3' title="bbox 199 702 1248 803; baseline 0.001 -28"><span class='ocrx_word' id='word_1_11' title='bbox 199 718 309 802; x_wconf 82' lang='lat' dir='ltr'><strong>atque</strong></span> <span class='ocrx_word' id='word_1_12' title='bbox 327 702 656 800; x_wconf 83' lang='lat' dir='ltr'><strong>indulgentissimos</strong></span> <span class='ocrx_word' id='word_1_13' title='bbox 670 703 735 801; x_wconf 89' lang='lat' dir='ltr'><strong>qui</strong></span> <span class='ocrx_word' id='word_1_14' title='bbox 748 703 949 803; x_wconf 88' lang='lat' dir='ltr'><strong>plurimum</strong></span> <span class='ocrx_word' id='word_1_15' title='bbox 971 703 1039 801; x_wconf 93' lang='lat' dir='ltr'><strong>ipsi</strong></span> <span class='ocrx_word' id='word_1_16' title='bbox 1052 716 1089 775; x_wconf 92' lang='lat' dir='ltr'><strong>et</strong></span> <span class='ocrx_word' id='word_1_17' title='bbox 1106 703 1248 802; x_wconf 88' lang='lat' dir='ltr'><strong>possint</strong></span> 
     </span>
     <span class='ocr_line' id='line_1_4' title="bbox 197 830 377 903; baseline -0.017 0"><span class='ocrx_word' id='word_1_18' title='bbox 197 844 234 903; x_wconf 91' lang='lat' dir='ltr'><strong>et</strong></span> <span class='ocrx_word' id='word_1_19' title='bbox 250 830 377 902; x_wconf 88' lang='lat' dir='ltr'><strong>sciant.</strong></span> 
     </span>
    </p>
   </div>
   <div class='ocr_carea' id='block_1_3' title="bbox 195 1059 1247 2163">
    <p class='ocr_par' dir='ltr' id='par_1_3' title="bbox 195 1059 1247 2163">
     <span class='ocr_line' id='line_1_5' title="bbox 246 1059 1245 1162; baseline 0.002 -28"><span class='ocrx_word' id='word_1_20' title='bbox 246 1070 295 1134; x_wconf 86' lang='lat' dir='ltr'><strong>Ac</strong></span> <span class='ocrx_word' id='word_1_21' title='bbox 304 1087 432 1137; x_wconf 89' lang='lat' dir='ltr'><strong>vereor</strong></span> <span class='ocrx_word' id='word_1_22' title='bbox 445 1086 492 1133; x_wconf 91' lang='lat' dir='ltr'><strong>ne</strong></span> <span class='ocrx_word' id='word_1_23' title='bbox 507 1063 589 1160; x_wconf 92' lang='lat' dir='ltr'><strong>quis</strong></span> <span class='ocrx_word' id='word_1_24' title='bbox 598 1060 750 1134; x_wconf 83' lang='lat' dir='ltr'><strong>miretur</strong></span> <span class='ocrx_word' id='word_1_25' title='bbox 759 1085 817 1132; x_wconf 92' lang='lat' dir='ltr'><strong>me</strong></span> <span class='ocrx_word' id='word_1_26' title='bbox 831 1059 877 1133; x_wconf 94' lang='lat' dir='ltr'><strong>de</strong></span> <span class='ocrx_word' id='word_1_27' title='bbox 888 1059 1146 1160; x_wconf 92' lang='lat' dir='ltr'><strong>philosophico</strong></span> <span class='ocrx_word' id='word_1_28' title='bbox 1156 1088 1245 1162; x_wconf 90' lang='lat' dir='ltr'><strong>poe-</strong></span> 
     </span>
     <span class='ocr_line' id='line_1_6' title="bbox 197 1186 1246 1286; baseline 0.003 -28"><span class='ocrx_word' id='word_1_29' title='bbox 197 1203 293 1260; x_wconf 83' lang='lat' dir='ltr'><strong>mate</strong></span> <span class='ocrx_word' id='word_1_30' title='bbox 312 1186 514 1286; x_wconf 80' lang='lat' dir='ltr'><strong>specialiter</strong></span> <span class='ocrx_word' id='word_1_31' title='bbox 528 1211 666 1286; x_wconf 92' lang='lat' dir='ltr'><strong>ponere</strong></span> <span class='ocrx_word' id='word_1_32' title='bbox 681 1187 931 1285; x_wconf 82' lang='lat' dir='ltr'><strong>quaestionem,</strong></span> <span class='ocrx_word' id='word_1_33' title='bbox 947 1186 1148 1284; x_wconf 91' lang='lat' dir='ltr'><strong>quodcum</strong></span> <span class='ocrx_word' id='word_1_34' title='bbox 1163 1190 1246 1261; x_wconf 91' lang='lat' dir='ltr'><strong>uni·</strong></span> 
     </span>
     <span class='ocr_line' id='line_1_7' title="bbox 196 1310 1247 1411; baseline 0.001 -26"><span class='ocrx_word' id='word_1_35' title='bbox 196 1337 301 1389; x_wconf 87' lang='lat' dir='ltr'><strong>verso</strong></span> <span class='ocrx_word' id='word_1_36' title='bbox 329 1310 552 1384; x_wconf 88' lang='lat' dir='ltr'><strong>didascalicae</strong></span> <span class='ocrx_word' id='word_1_37' title='bbox 587 1312 706 1409; x_wconf 91' lang='lat' dir='ltr'><strong>poesis</strong></span> <span class='ocrx_word' id='word_1_38' title='bbox 737 1336 866 1408; x_wconf 82' lang='lat' dir='ltr'><strong>genere</strong></span> <span class='ocrx_word' id='word_1_39' title='bbox 900 1311 1103 1404; x_wconf 82' lang='lat' dir='ltr'>(nostrates</span> <span class='ocrx_word' id='word_1_40' title='bbox 1131 1338 1247 1411; x_wconf 83' lang='lat' dir='ltr'><strong>graeco</strong></span> 
     </span>
     <span class='ocr_line' id='line_1_8' title="bbox 196 1424 1244 1532; baseline 0 -22"><span class='ocrx_word' id='word_1_41' title='bbox 196 1436 308 1510; x_wconf 91' lang='lat' dir='ltr'><strong>verbo</strong></span> <span class='ocrx_word' id='word_1_42' title='bbox 331 1435 547 1508; x_wconf 81' lang='lat' dir='ltr'><strong>didacticum</strong></span> <span class='ocrx_word' id='word_1_43' title='bbox 561 1435 713 1531; x_wconf 80' lang='lat' dir='ltr'><strong>vocant)</strong></span> <span class='ocrx_word' id='word_1_44' title='bbox 727 1424 954 1532; x_wconf 82' lang='lat' dir='ltr'><strong>jungendum</strong></span> <span class='ocrx_word' id='word_1_45' title='bbox 971 1460 1047 1509; x_wconf 90' lang='lat' dir='ltr'><strong>esse</strong></span> <span class='ocrx_word' id='word_1_46' title='bbox 1065 1438 1244 1529; x_wconf 88' lang='lat' dir='ltr'><strong>videatur,</strong></span> 
     </span>
     <span class='ocr_line' id='line_1_9' title="bbox 196 1561 1247 1663; baseline 0.001 -27"><span class='ocrx_word' id='word_1_47' title='bbox 196 1562 301 1661; x_wconf 89' lang='lat' dir='ltr'><strong>cujus</strong></span> <span class='ocrx_word' id='word_1_48' title='bbox 318 1562 505 1635; x_wconf 87' lang='lat' dir='ltr'><strong>manifeste</strong></span> <span class='ocrx_word' id='word_1_49' title='bbox 533 1587 617 1661; x_wconf 90' lang='lat' dir='ltr'><strong>pars</strong></span> <span class='ocrx_word' id='word_1_50' title='bbox 642 1562 687 1633; x_wconf 88' lang='lat' dir='ltr'><strong>sit</strong></span> <span class='ocrx_word' id='word_1_51' title='bbox 706 1577 742 1633; x_wconf 91' lang='lat' dir='ltr'><strong>et</strong></span> <span class='ocrx_word' id='word_1_52' title='bbox 768 1561 814 1634; x_wconf 92' lang='lat' dir='ltr'><strong>de</strong></span> <span class='ocrx_word' id='word_1_53' title='bbox 833 1587 906 1663; x_wconf 92' lang='lat' dir='ltr'><strong>qua</strong></span> <span class='ocrx_word' id='word_1_54' title='bbox 930 1563 1100 1662; x_wconf 82' lang='lat' dir='ltr'><strong>pendeat.</strong></span> <span class='ocrx_word' id='word_1_55' title='bbox 1131 1565 1247 1661; x_wconf 64' lang='lat' dir='ltr'><strong>xQuod</strong></span> 
     </span>
     <span class='ocr_line' id='line_1_10' title="bbox 197 1686 1246 1788; baseline 0.002 -28"><span class='ocrx_word' id='word_1_56' title='bbox 197 1689 334 1760; x_wconf 86' lang='lat' dir='ltr'><strong>crimen</strong></span> <span class='ocrx_word' id='word_1_57' title='bbox 363 1701 405 1760; x_wconf 89' lang='lat' dir='ltr'><strong>ut</strong></span> <span class='ocrx_word' id='word_1_58' title='bbox 432 1702 515 1759; x_wconf 89' lang='lat' dir='ltr'><strong>ante</strong></span> <span class='ocrx_word' id='word_1_59' title='bbox 534 1711 711 1785; x_wconf 82' lang='lat' dir='ltr'><strong>occupem</strong></span> <span class='ocrx_word' id='word_1_60' title='bbox 737 1713 849 1788; x_wconf 90' lang='lat' dir='ltr'><strong>quam</strong></span> <span class='ocrx_word' id='word_1_61' title='bbox 877 1686 1070 1778; x_wconf 87' lang='lat' dir='ltr'><strong>inferatur,</strong></span> <span class='ocrx_word' id='word_1_62' title='bbox 1092 1689 1246 1788; x_wconf 86' lang='lat' dir='ltr'><strong>ingenue</strong></span> 
     </span>
     <span class='ocr_line' id='line_1_11' title="bbox 196 1810 1244 1909; baseline 0 -23"><span class='ocrx_word' id='word_1_63' title='bbox 196 1811 339 1887; x_wconf 79' lang='lat' dir='ltr'><strong>fatebor</strong></span> <span class='ocrx_word' id='word_1_64' title='bbox 356 1811 471 1884; x_wconf 89' lang='lat' dir='ltr'><strong>multa</strong></span> <span class='ocrx_word' id='word_1_65' title='bbox 485 1835 566 1909; x_wconf 88' lang='lat' dir='ltr'><strong>quae</strong></span> <span class='ocrx_word' id='word_1_66' title='bbox 579 1810 666 1902; x_wconf 87' lang='lat' dir='ltr'>dixi,</span> <span class='ocrx_word' id='word_1_67' title='bbox 685 1811 741 1883; x_wconf 85' lang='lat' dir='ltr'><strong>vel</strong></span> <span class='ocrx_word' id='word_1_68' title='bbox 764 1836 848 1885; x_wconf 86' lang='lat' dir='ltr'><strong>mox</strong></span> <span class='ocrx_word' id='word_1_69' title='bbox 866 1811 1032 1885; x_wconf 88' lang='lat' dir='ltr'><strong>dicturus</strong></span> <span class='ocrx_word' id='word_1_70' title='bbox 1054 1839 1154 1906; x_wconf 92' lang='lat' dir='ltr'><strong>sum,</strong></span> <span class='ocrx_word' id='word_1_71' title='bbox 1170 1839 1244 1886; x_wconf 93' lang='lat' dir='ltr'><strong>non</strong></span> 
     </span>
     <span class='ocr_line' id='line_1_12' title="bbox 195 1933 1244 2039; baseline 0.001 -27"><span class='ocrx_word' id='word_1_72' title='bbox 195 1938 243 2012; x_wconf 91' lang='lat' dir='ltr'><strong>ad</strong></span> <span class='ocrx_word' id='word_1_73' title='bbox 260 1938 467 2010; x_wconf 89' lang='lat' dir='ltr'><strong>Lucretium</strong></span> <span class='ocrx_word' id='word_1_74' title='bbox 488 1951 643 2024; x_wconf 87' lang='lat' dir='ltr'><strong>tantum,</strong></span> <span class='ocrx_word' id='word_1_75' title='bbox 663 1933 726 2009; x_wconf 89' lang='lat' dir='ltr'><strong>sed</strong></span> <span class='ocrx_word' id='word_1_76' title='bbox 752 1935 801 2011; x_wconf 89' lang='lat' dir='ltr'><strong>ad</strong></span> <span class='ocrx_word' id='word_1_77' title='bbox 817 1950 956 2009; x_wconf 89' lang='lat' dir='ltr'><strong>ceteros</strong></span> <span class='ocrx_word' id='word_1_78' title='bbox 982 1963 1108 2012; x_wconf 90' lang='lat' dir='ltr'><strong>omnes</strong></span> <span class='ocrx_word' id='word_1_79' title='bbox 1132 1940 1244 2039; x_wconf 82' lang='lat' dir='ltr'><strong>perti-</strong></span> 
     </span>
     <span class='ocr_line' id='line_1_13' title="bbox 195 2061 1040 2163; baseline -0.004 -24"><span class='ocrx_word' id='word_1_80' title='bbox 195 2089 281 2152; x_wconf 87' lang='lat' dir='ltr'><strong>nere</strong></span> <span class='ocrx_word' id='word_1_81' title='bbox 297 2065 362 2163; x_wconf 93' lang='lat' dir='ltr'><strong>qui</strong></span> <span class='ocrx_word' id='word_1_82' title='bbox 376 2063 422 2161; x_wconf 92' lang='lat' dir='ltr'><strong>(si</strong></span> <span class='ocrx_word' id='word_1_83' title='bbox 437 2077 554 2161; x_wconf 76' lang='lat' dir='ltr'><strong>poetae</strong></span> <span class='ocrx_word' id='word_1_84' title='bbox 567 2087 714 2136; x_wconf 88' lang='lat' dir='ltr'><strong>versum</strong></span> <span class='ocrx_word' id='word_1_85' title='bbox 732 2061 906 2160; x_wconf 84' lang='lat' dir='ltr'><strong>refingere</strong></span> <span class='ocrx_word' id='word_1_86' title='bbox 920 2063 1040 2160; x_wconf 88' lang='lat' dir='ltr'><strong>liceat)</strong></span> 
     </span>
    </p>
   </div>
   <div class='ocr_carea' id='block_1_4' title="bbox 336 2254 1015 2331">
    <p class='ocr_par' dir='ltr' id='par_1_4' title="bbox 336 2254 1015 2331">
     <span class='ocr_line' id='line_1_14' title="bbox 336 2254 1015 2331; baseline 0 -17"><span class='ocrx_word' id='word_1_87' title='bbox 336 2259 372 2314; x_wconf 89' lang='lat' dir='ltr'><strong>Et</strong></span> <span class='ocrx_word' id='word_1_88' title='bbox 385 2257 515 2331; x_wconf 83' lang='lat' dir='ltr'><strong>prodesse</strong></span> <span class='ocrx_word' id='word_1_89' title='bbox 527 2256 624 2315; x_wconf 84' lang='lat' dir='ltr'><strong>volunt</strong></span> <span class='ocrx_word' id='word_1_90' title='bbox 633 2263 662 2315; x_wconf 86' lang='lat' dir='ltr'><strong>et</strong></span> <span class='ocrx_word' id='word_1_91' title='bbox 674 2255 772 2315; x_wconf 86' lang='lat' dir='ltr'><strong>idonea</strong></span> <span class='ocrx_word' id='word_1_92' title='bbox 786 2254 879 2315; x_wconf 83' lang='lat' dir='ltr'><strong>dicere</strong></span> <span class='ocrx_word' id='word_1_93' title='bbox 889 2256 954 2314; x_wconf 83' lang='lat' dir='ltr'><strong>vitae</strong></span> <span class='ocrx_word' id='word_1_94' title='bbox 966 2259 1015 2325; x_wconf 88' lang='lat' dir='ltr'><strong>(l).</strong></span> 
     </span>
    </p>
   </div>
   <div class='ocr_carea' id='block_1_5' title="bbox 195 2435 1245 2538">
    <p class='ocr_par' dir='ltr' id='par_1_5' title="bbox 195 2435 1245 2538">
     <span class='ocr_line' id='line_1_15' title="bbox 195 2435 1245 2538; baseline -0.002 -24"><span class='ocrx_word' id='word_1_95' title='bbox 195 2438 428 2533; x_wconf 84' lang='lat' dir='ltr'><strong>Jure&#39;tamen,</strong></span> <span class='ocrx_word' id='word_1_96' title='bbox 438 2439 476 2513; x_wconf 93' lang='lat' dir='ltr'><strong>ni</strong></span> <span class='ocrx_word' id='word_1_97' title='bbox 486 2437 605 2527; x_wconf 88' lang='lat' dir='ltr'><strong>fallor,</strong></span> <span class='ocrx_word' id='word_1_98' title='bbox 614 2435 687 2509; x_wconf 92' lang='lat' dir='ltr'><strong>hoc</strong></span> <span class='ocrx_word' id='word_1_99' title='bbox 696 2435 984 2528; x_wconf 90' lang='lat' dir='ltr'><strong>contendam,ea</strong></span> <span class='ocrx_word' id='word_1_100' title='bbox 993 2437 1154 2513; x_wconf 87' lang='lat' dir='ltr'><strong>carmina</strong></span> <span class='ocrx_word' id='word_1_101' title='bbox 1163 2465 1245 2538; x_wconf 79' lang='lat' dir='ltr'><strong>quae</strong></span> 
     </span>
    </p>
   </div>
   <div class='ocr_carea' id='block_1_6' title="bbox 192 2575 1245 3426">
    <p class='ocr_par' dir='ltr' id='par_1_6' title="bbox 192 2575 1245 3426">
     <span class='ocr_line' id='line_1_16' title="bbox 195 2575 1245 2676; baseline -0.002 -24"><span class='ocrx_word' id='word_1_102' title='bbox 195 2583 232 2653; x_wconf 91' lang='lat' dir='ltr'><strong>in</strong></span> <span class='ocrx_word' id='word_1_103' title='bbox 250 2578 423 2651; x_wconf 81' lang='lat' dir='ltr'><strong>doctrinis</strong></span> <span class='ocrx_word' id='word_1_104' title='bbox 436 2576 678 2676; x_wconf 79' lang='lat' dir='ltr'><strong>philosophiae</strong></span> <span class='ocrx_word' id='word_1_105' title='bbox 696 2575 918 2676; x_wconf 85' lang='lat' dir='ltr'><strong>exponendis</strong></span> <span class='ocrx_word' id='word_1_106' title='bbox 929 2592 1132 2670; x_wconf 82' lang='lat' dir='ltr'><strong>versantur,</strong></span> <span class='ocrx_word' id='word_1_107' title='bbox 1149 2578 1245 2650; x_wconf 89' lang='lat' dir='ltr'><strong>inter</strong></span> 
     </span>
     <span class='ocr_line' id='line_1_17' title="bbox 195 2701 1245 2806; baseline -0.002 -29"><span class='ocrx_word' id='word_1_108' title='bbox 195 2704 317 2777; x_wconf 91' lang='lat' dir='ltr'><strong>omnia</strong></span> <span class='ocrx_word' id='word_1_109' title='bbox 337 2701 472 2806; x_wconf 87' lang='lat' dir='ltr'><strong>quibus</strong></span> <span class='ocrx_word' id='word_1_110' title='bbox 490 2701 643 2774; x_wconf 88' lang='lat' dir='ltr'><strong>aliarum</strong></span> <span class='ocrx_word' id='word_1_111' title='bbox 662 2702 796 2775; x_wconf 92' lang='lat' dir='ltr'><strong>artium</strong></span> <span class='ocrx_word' id='word_1_112' title='bbox 813 2715 992 2801; x_wconf 75' lang='lat' dir='ltr'><strong>praecepta</strong></span> <span class='ocrx_word' id='word_1_113' title='bbox 1011 2702 1245 2775; x_wconf 90' lang='lat' dir='ltr'><strong>continentur</strong></span> 
     </span>
     <span class='ocr_line' id='line_1_18' title="bbox 194 2826 1242 2926; baseline -0.001 -24"><span class='ocrx_word' id='word_1_114' title='bbox 194 2831 317 2902; x_wconf 92' lang='lat' dir='ltr'><strong>locum</strong></span> <span class='ocrx_word' id='word_1_115' title='bbox 327 2826 492 2901; x_wconf 88' lang='lat' dir='ltr'><strong>obtinere</strong></span> <span class='ocrx_word' id='word_1_116' title='bbox 506 2842 713 2925; x_wconf 84' lang='lat' dir='ltr'><strong>separatum</strong></span> <span class='ocrx_word' id='word_1_117' title='bbox 728 2852 770 2898; x_wconf 91' lang='lat' dir='ltr'><strong>ac</strong></span> <span class='ocrx_word' id='word_1_118' title='bbox 784 2852 904 2899; x_wconf 89' lang='lat' dir='ltr'><strong>suum.</strong></span> <span class='ocrx_word' id='word_1_119' title='bbox 922 2827 1064 2899; x_wconf 86' lang='lat' dir='ltr'><strong>Etenim</strong></span> <span class='ocrx_word' id='word_1_120' title='bbox 1079 2827 1169 2926; x_wconf 92' lang='lat' dir='ltr'><strong>quid</strong></span> <span class='ocrx_word' id='word_1_121' title='bbox 1181 2852 1242 2901; x_wconf 86' lang='lat' dir='ltr'><strong>ve·</strong></span> 
     </span>
     <span class='ocr_line' id='line_1_19' title="bbox 196 2949 1242 3049; baseline -0.001 -24"><span class='ocrx_word' id='word_1_122' title='bbox 196 2955 270 3026; x_wconf 90' lang='lat' dir='ltr'><strong>rius</strong></span> <span class='ocrx_word' id='word_1_123' title='bbox 288 2977 328 3024; x_wconf 92' lang='lat' dir='ltr'><strong>ea</strong></span> <span class='ocrx_word' id='word_1_124' title='bbox 352 2950 577 3023; x_wconf 81' lang='lat' dir='ltr'><strong>didascalicae</strong></span> <span class='ocrx_word' id='word_1_125' title='bbox 598 2950 718 3049; x_wconf 92' lang='lat' dir='ltr'><strong>poesis</strong></span> <span class='ocrx_word' id='word_1_126' title='bbox 739 2949 892 3023; x_wconf 88' lang='lat' dir='ltr'><strong>historia</strong></span> <span class='ocrx_word' id='word_1_127' title='bbox 915 2975 1028 3049; x_wconf 91' lang='lat' dir='ltr'><strong>quam</strong></span> <span class='ocrx_word' id='word_1_128' title='bbox 1044 2952 1099 3023; x_wconf 92' lang='lat' dir='ltr'><strong>vir</strong></span> <span class='ocrx_word' id='word_1_129' title='bbox 1119 2952 1242 3024; x_wconf 90' lang='lat' dir='ltr'><strong>claris-</strong></span> 
     </span>
     <span class='ocr_line' id='line_1_20' title="bbox 195 3074 1243 3177; baseline -0.002 -27"><span class='ocrx_word' id='word_1_130' title='bbox 195 3079 307 3150; x_wconf 92' lang='lat' dir='ltr'><strong>simus</strong></span> <span class='ocrx_word' id='word_1_131' title='bbox 330 3076 455 3177; x_wconf 84' lang='lat' dir='ltr'><strong>paucis</strong></span> <span class='ocrx_word' id='word_1_132' title='bbox 472 3074 592 3147; x_wconf 87' lang='lat' dir='ltr'><strong>verbis</strong></span> <span class='ocrx_word' id='word_1_133' title='bbox 604 3075 822 3147; x_wconf 78' lang='lat' dir='ltr'><strong>delineavit?</strong></span> <span class='ocrx_word' id='word_1_134' title='bbox 838 3075 890 3174; x_wconf 80' lang='lat'><strong>(2)</strong></span> <span class='ocrx_word' id='word_1_135' title='bbox 919 3076 1062 3148; x_wconf 88' lang='lat' dir='ltr'><strong>Scilicet</strong></span> <span class='ocrx_word' id='word_1_136' title='bbox 1080 3091 1153 3148; x_wconf 89' lang='lat' dir='ltr'><strong>tres</strong></span> <span class='ocrx_word' id='word_1_137' title='bbox 1167 3101 1243 3148; x_wconf 92' lang='lat' dir='ltr'><strong>esse</strong></span> 
     </span>
     <span class='ocr_line' id='line_1_21' title="bbox 194 3198 1243 3300; baseline -0.002 -26"><span class='ocrx_word' id='word_1_138' title='bbox 194 3217 329 3293; x_wconf 83' lang='lat' dir='ltr'><strong>aetates,</strong></span> <span class='ocrx_word' id='word_1_139' title='bbox 341 3199 494 3274; x_wconf 84' lang='lat' dir='ltr'><strong>totidem</strong></span> <span class='ocrx_word' id='word_1_140' title='bbox 513 3198 623 3295; x_wconf 88' lang='lat' dir='ltr'><strong>hujus</strong></span> <span class='ocrx_word' id='word_1_141' title='bbox 637 3200 776 3296; x_wconf 85' lang='lat' dir='ltr'><strong>generis</strong></span> <span class='ocrx_word' id='word_1_142' title='bbox 794 3198 940 3288; x_wconf 88' lang='lat' dir='ltr'><strong>formas,</strong></span> <span class='ocrx_word' id='word_1_143' title='bbox 951 3225 1066 3299; x_wconf 89' lang='lat' dir='ltr'><strong>quum</strong></span> <span class='ocrx_word' id='word_1_144' title='bbox 1081 3201 1243 3300; x_wconf 93' lang='lat' dir='ltr'><strong>primum</strong></span> 
     </span>
     <span class='ocr_line' id='line_1_22' title="bbox 192 3322 1239 3426; baseline -0.004 -26"><span class='ocrx_word' id='word_1_145' title='bbox 192 3342 372 3426; x_wconf 88' lang='lat' dir='ltr'><strong>praecepta</strong></span> <span class='ocrx_word' id='word_1_146' title='bbox 398 3323 581 3423; x_wconf 87' lang='lat' dir='ltr'><strong>sapientiae</strong></span> <span class='ocrx_word' id='word_1_147' title='bbox 611 3322 780 3396; x_wconf 92' lang='lat' dir='ltr'><strong>homines</strong></span> <span class='ocrx_word' id='word_1_148' title='bbox 808 3322 963 3416; x_wconf 89' lang='lat' dir='ltr'><strong>doceat,</strong></span> <span class='ocrx_word' id='word_1_149' title='bbox 983 3340 1025 3397; x_wconf 90' lang='lat' dir='ltr'><strong>ut</strong></span> <span class='ocrx_word' id='word_1_150' title='bbox 1043 3324 1239 3416; x_wconf 88' lang='lat' dir='ltr'><strong>Hesiodus,</strong></span> 
     </span>
    </p>
   </div>
   <div class='ocr_carea' id='block_1_7' title="bbox 191 3554 1242 4230">
    <p class='ocr_par' dir='ltr' id='par_1_7' title="bbox 191 3554 1242 4133">
     <span class='ocr_line' id='line_1_23' title="bbox 234 3554 1242 3642; baseline -0.002 -18"><span class='ocrx_word' id='word_1_151' title='bbox 234 3561 276 3642; x_wconf 84' lang='lat' dir='ltr'><strong>(ll</strong></span> <span class='ocrx_word' id='word_1_152' title='bbox 296 3561 342 3622; x_wconf 85' lang='lat' dir='ltr'><strong>lta</strong></span> <span class='ocrx_word' id='word_1_153' title='bbox 362 3557 486 3621; x_wconf 83' lang='lat' dir='ltr'><strong>Bolaeus</strong></span> <span class='ocrx_word' id='word_1_154' title='bbox 501 3574 565 3618; x_wconf 90' lang='lat' dir='ltr'><strong>uon</strong></span> <span class='ocrx_word' id='word_1_155' title='bbox 585 3555 624 3619; x_wconf 89' lang='lat' dir='ltr'><strong>de</strong></span> <span class='ocrx_word' id='word_1_156' title='bbox 648 3554 860 3638; x_wconf 91' lang='lat' dir='ltr'><strong>philosophico</strong></span> <span class='ocrx_word' id='word_1_157' title='bbox 884 3562 1003 3619; x_wconf 85' lang='lat' dir='ltr'><strong>tantum</strong></span> <span class='ocrx_word' id='word_1_158' title='bbox 1019 3562 1170 3640; x_wconf 87' lang='lat' dir='ltr'><strong>poemate,</strong></span> <span class='ocrx_word' id='word_1_159' title='bbox 1188 3560 1242 3622; x_wconf 88' lang='lat' dir='ltr'><strong>sed</strong></span> 
     </span>
     <span class='ocr_line' id='line_1_24' title="bbox 194 3655 1241 3737; baseline -0.004 -14"><span class='ocrx_word' id='word_1_160' title='bbox 194 3667 225 3724; x_wconf 86' lang='lat' dir='ltr'><strong>et</strong></span> <span class='ocrx_word' id='word_1_161' title='bbox 238 3660 277 3722; x_wconf 89' lang='lat' dir='ltr'><strong>de</strong></span> <span class='ocrx_word' id='word_1_162' title='bbox 298 3663 365 3722; x_wconf 86' lang='lat' dir='ltr'><strong>toto</strong></span> <span class='ocrx_word' id='word_1_163' title='bbox 384 3655 571 3719; x_wconf 89' lang='lat' dir='ltr'><strong>didascalico</strong></span> <span class='ocrx_word' id='word_1_164' title='bbox 595 3673 720 3735; x_wconf 82' lang='lat' dir='ltr'><strong>genere,</strong></span> <span class='ocrx_word' id='word_1_165' title='bbox 745 3672 924 3737; x_wconf 89' lang='lat' dir='ltr'><strong>quanquam</strong></span> <span class='ocrx_word' id='word_1_166' title='bbox 945 3673 983 3717; x_wconf 87' lang='lat' dir='ltr'><strong>ex</strong></span> <span class='ocrx_word' id='word_1_167' title='bbox 997 3674 1035 3720; x_wconf 91' lang='lat' dir='ltr'><strong>eo</strong></span> <span class='ocrx_word' id='word_1_168' title='bbox 1048 3661 1169 3719; x_wconf 85' lang='lat' dir='ltr'><strong>tantum</strong></span> <span class='ocrx_word' id='word_1_169' title='bbox 1184 3657 1241 3719; x_wconf 89' lang='lat' dir='ltr'><strong>sibi</strong></span> 
     </span>
     <span class='ocr_line' id='line_1_25' title="bbox 192 3751 1242 3837; baseline -0.003 -17"><span class='ocrx_word' id='word_1_170' title='bbox 192 3757 296 3837; x_wconf 83' lang='lat' dir='ltr'><strong>gloriae</strong></span> <span class='ocrx_word' id='word_1_171' title='bbox 307 3754 489 3837; x_wconf 84' lang='lat' dir='ltr'><strong>acquireret,</strong></span> <span class='ocrx_word' id='word_1_172' title='bbox 503 3771 543 3815; x_wconf 90' lang='lat' dir='ltr'><strong>ne</strong></span> <span class='ocrx_word' id='word_1_173' title='bbox 556 3751 686 3815; x_wconf 88' lang='lat' dir='ltr'><strong>verbum</strong></span> <span class='ocrx_word' id='word_1_174' title='bbox 695 3752 823 3835; x_wconf 89' lang='lat' dir='ltr'><strong>quidem</strong></span> <span class='ocrx_word' id='word_1_175' title='bbox 836 3751 910 3815; x_wconf 85' lang='lat' dir='ltr'><strong>iecit</strong></span> <span class='ocrx_word' id='word_1_176' title='bbox 918 3775 928 3831; x_wconf 82' lang='lat'>3</span> <span class='ocrx_word' id='word_1_177' title='bbox 943 3752 986 3815; x_wconf 85' lang='lat' dir='ltr'><strong>ita</strong></span> <span class='ocrx_word' id='word_1_178' title='bbox 997 3759 1033 3816; x_wconf 86' lang='lat' dir='ltr'><strong>ut</strong></span> <span class='ocrx_word' id='word_1_179' title='bbox 1045 3753 1097 3834; x_wconf 91' lang='lat' dir='ltr'><strong>qui</strong></span> <span class='ocrx_word' id='word_1_180' title='bbox 1111 3755 1242 3818; x_wconf 86' lang='lat' dir='ltr'><strong>AEneida</strong></span> 
     </span>
     <span class='ocr_line' id='line_1_26' title="bbox 192 3848 1242 3934; baseline -0.003 -15"><span class='ocrx_word' id='word_1_181' title='bbox 192 3862 223 3919; x_wconf 85' lang='lat' dir='ltr'><strong>et</strong></span> <span class='ocrx_word' id='word_1_182' title='bbox 242 3855 373 3933; x_wconf 80' lang='lat' dir='ltr'><strong>Eulogas</strong></span> <span class='ocrx_word' id='word_1_183' title='bbox 393 3850 578 3933; x_wconf 83' lang='lat' dir='ltr'><strong>intelligenti</strong></span> <span class='ocrx_word' id='word_1_184' title='bbox 593 3850 698 3914; x_wconf 87' lang='lat' dir='ltr'><strong>laudat</strong></span> <span class='ocrx_word' id='word_1_185' title='bbox 710 3848 924 3926; x_wconf 86' lang='lat' dir='ltr'><strong>admiratione,</strong></span> <span class='ocrx_word' id='word_1_186' title='bbox 941 3851 979 3914; x_wconf 89' lang='lat' dir='ltr'><strong>de</strong></span> <span class='ocrx_word' id='word_1_187' title='bbox 992 3851 1147 3932; x_wconf 82' lang='lat' dir='ltr'><strong>Georgicis</strong></span> <span class='ocrx_word' id='word_1_188' title='bbox 1162 3855 1242 3934; x_wconf 83' lang='lat' dir='ltr'><strong>(qui-</strong></span> 
     </span>
     <span class='ocr_line' id='line_1_27' title="bbox 191 3946 1240 4034; baseline -0.003 -18"><span class='ocrx_word' id='word_1_189' title='bbox 191 3953 248 4016; x_wconf 92' lang='lat' dir='ltr'><strong>bus</strong></span> <span class='ocrx_word' id='word_1_190' title='bbox 270 3952 343 4034; x_wconf 91' lang='lat' dir='ltr'><strong>quid</strong></span> <span class='ocrx_word' id='word_1_191' title='bbox 358 3949 517 4034; x_wconf 88' lang='lat' dir='ltr'><strong>pulchrius</strong></span> <span class='ocrx_word' id='word_1_192' title='bbox 536 3967 572 4012; x_wconf 88' lang='lat' dir='ltr'><strong>ac</strong></span> <span class='ocrx_word' id='word_1_193' title='bbox 593 3947 769 4030; x_wconf 83' lang='lat' dir='ltr'><strong>perfectius,</strong></span> <span class='ocrx_word' id='word_1_194' title='bbox 792 3946 866 4028; x_wconf 91' lang='lat' dir='ltr'><strong>quid</strong></span> <span class='ocrx_word' id='word_1_195' title='bbox 891 3947 1014 4028; x_wconf 80' lang='lat' dir='ltr'><strong>dignius</strong></span> <span class='ocrx_word' id='word_1_196' title='bbox 1034 3949 1119 4031; x_wconf 88' lang='lat' dir='ltr'><strong>quod</strong></span> <span class='ocrx_word' id='word_1_197' title='bbox 1139 3950 1240 4032; x_wconf 85' lang='lat' dir='ltr'><strong>poetis</strong></span> 
     </span>
     <span class='ocr_line' id='line_1_28' title="bbox 192 4046 863 4133; baseline -0.012 -17"><span class='ocrx_word' id='word_1_198' title='bbox 192 4052 369 4133; x_wconf 84' lang='lat' dir='ltr'><strong>exemplum</strong></span> <span class='ocrx_word' id='word_1_199' title='bbox 382 4051 602 4132; x_wconf 80' lang='lat' dir='ltr'><strong>proponatur‘i)</strong></span> <span class='ocrx_word' id='word_1_200' title='bbox 615 4046 741 4111; x_wconf 91' lang='lat' dir='ltr'><strong>omnino</strong></span> <span class='ocrx_word' id='word_1_201' title='bbox 755 4050 863 4109; x_wconf 85' lang='lat' dir='ltr'><strong>taceat.</strong></span> 
     </span>
    </p>

    <p class='ocr_par' dir='ltr' id='par_1_8' title="bbox 232 4145 1237 4230">
     <span class='ocr_line' id='line_1_29' title="bbox 232 4145 1237 4230; baseline 0.001 -20"><span class='ocrx_word' id='word_1_202' title='bbox 232 4151 273 4230; x_wconf 55' lang='grc' dir='ltr'><strong>(ἢ)</strong></span> <span class='ocrx_word' id='word_1_203' title='bbox 287 4150 329 4212; x_wconf 89' lang='grc' dir='ltr'><strong>Μ.</strong></span> <span class='ocrx_word' id='word_1_204' title='bbox 342 4147 440 4211; x_wconf 82' lang='lat' dir='ltr'><strong>Patin.</strong></span> <span class='ocrx_word' id='word_1_205' title='bbox 456 4147 703 4210; x_wconf 61' lang='lat' dir='ltr'><strong>Introduction&amp;</strong></span> <span class='ocrx_word' id='word_1_206' title='bbox 717 4145 829 4209; x_wconf 83' lang='lat' dir='ltr'><strong>l’e&#39;tude</strong></span> <span class='ocrx_word' id='word_1_207' title='bbox 841 4147 885 4208; x_wconf 82' lang='lat' dir='ltr'><strong>du</strong></span> <span class='ocrx_word' id='word_1_208' title='bbox 895 4148 1005 4209; x_wconf 66' lang='lat' dir='ltr'><strong>Preme</strong></span> <span class='ocrx_word' id='word_1_209' title='bbox 1018 4148 1055 4210; x_wconf 84' lang='lat' dir='ltr'><strong>de</strong></span> <span class='ocrx_word' id='word_1_210' title='bbox 1067 4148 1098 4210; x_wconf 85' lang='lat' dir='ltr'><strong>lu</strong></span> <span class='ocrx_word' id='word_1_211' title='bbox 1111 4150 1237 4211; x_wconf 81' lang='lat' dir='ltr'><strong>Nature.</strong></span> 
     </span>
    </p>
   </div>
   <div class='ocr_carea' id='block_1_8' title="bbox 191 4248 281 4310">
    <p class='ocr_par' dir='ltr' id='par_1_9' title="bbox 191 4248 281 4310">
     <span class='ocr_line' id='line_1_30' title="bbox 191 4248 281 4310; baseline 0 -1"><span class='ocrx_word' id='word_1_212' title='bbox 191 4248 281 4310; x_wconf 74' lang='lat'><strong>1856.</strong></span> 
     </span>
    </p>
   </div>
   <div class='ocr_carea' id='block_1_9' title="bbox 0 0 1448 4890">
    <p class='ocr_par' dir='ltr' id='par_1_10' title="bbox 0 0 1448 4890">
     <span class='ocr_line' id='line_1_31' title="bbox 0 0 1448 4890; baseline 0 2"><span class='ocrx_word' id='word_1_213' title='bbox 0 0 1448 4890; x_wconf 95' lang='lat' dir='ltr'><strong> </strong></span> 
     </span>
    </p>
   </div>
  </div>
 </body>
</html>
