2886 4890
239 460 270 508 42
541 456 582 506 nn
599 417 817 506 ruinosorniu
834 453 990 508 romnus

237 583 355 666 Quam
379 579 432 650 rei
455 579 631 650 rationem
657 605 699 650 ex
716 579 872 675 Epicuro
891 579 1038 650 ductam
1060 602 1135 648 esse
1152 578 1286 650 intelli-

237 704 366 798 gimus,
385 729 500 801 quum
523 705 559 775 in
587 705 656 775 iliis
685 703 1011 776 Herculanensibus
1033 702 1172 774 laciniis
1201 703 1286 799 legi·

236 855 318 900 mus
335 856 342 899 :
361 833 470 900 Πάντα
480 832 537 926 γὰρ
548 834 690 928 τιθέμενα
703 830 770 928 παρ’
782 833 942 927 ἀλλότριον
956 838 1052 900 αὐτῶν
1065 833 1192 924 συναφὲς
1207 825 1287 909 εἶδος

237 950 411 1052 διέφθαρται
427 955 492 1051 (1).
515 954 624 1043 Quod
631 955 709 1052 jam
723 954 909 1027 Lucretius
927 955 1014 1026 alias
1028 954 1140 1026 ferme
1156 953 1284 1025 iisdem

236 1078 356 1150 verbis
375 1078 580 1150 reddiderat
603 1106 611 1149 :

249 1348 251 1352 ,
341 1277 413 1330 Nam
427 1272 620 1346 quodcumque
632 1272 689 1330 suis
702 1280 840 1330 mutatum
854 1272 957 1329 finibus
971 1272 1037 1342 exit,

342 1361 481 1419 Continuo
497 1361 551 1418 hoe
562 1377 639 1419 mors
653 1369 696 1419 est
706 1361 779 1418 illius
793 1361 867 1434 quod
881 1360 934 1418 fuit
944 1367 1009 1419 ante
1023 1364 1071 1430 (2).

282 1729 379 1795 Dum
397 1722 474 1795 haec
500 1738 610 1822 atque
638 1721 724 1794 talia
751 1721 955 1813 considam,
986 1722 1024 1793 in
1053 1746 1134 1793 eam
1159 1722 1281 1794 incido

233 1849 444 1948 opinionem
461 1847 561 1919 huuc
586 1847 692 1918 fuisse
707 1848 863 1918 Lucretii
891 1872 1052 1919 errorem
1072 1847 1174 1945 quod
1193 1846 1279 1930 doc·

232 1977 364 2046 trinam
383 1988 499 2045 totam
519 1973 677 2068 magistri
702 1972 738 2043 in
761 1996 906 2043 carmen
928 1998 1036 2044 suurn
1063 1973 1283 2045 transferen-

232 2100 317 2171 dam
343 2098 538 2196 putaverit‚
569 2097 705 2169 nedum
729 2123 869 2168 summa
897 2098 1051 2197 fastigia
1081 2123 1215 2184 rerum,
1240 2113 1281 2168 ut

231 2225 281 2295 ait
304 2223 492 2320 Virgilius,
516 2237 553 2293 et
574 2225 672 2319 λόγων
692 2226 842 2319 κορυφάς,
870 2247 959 2320 quas
992 2222 1167 2294 Pindarus
1189 2248 1280 2294 nun·

230 2363 340 2445 cupat
353 2348 424 2444 (3),
450 2346 596 2443 eligeret
615 2362 651 2418 et
670 2361 893 2444 sequeretur.
923 2351 1059 2447 Nempe
1089 2347 1189 2447 quod
1204 2350 1281 2446 ipse

230 2473 275 2544 de
298 2497 335 2544 se
351 2471 546 2571 profitetur
567 2471 613 2542 ad
627 2471 825 2570 Epicurum
843 2472 997 2570 loquens
1016 2499 1024 2543 :

564 2667 631 2725 Tuis
644 2683 688 2734 ex,
702 2668 814 2738 inclute,
828 2668 942 2740 chartis,

336 2757 476 2816 Floriferis
488 2765 519 2816 ut
529 2774 594 2831 apes
611 2758 640 2815 in
653 2759 768 2817 saltibus
781 2761 873 2817 omnia
889 2759 985 2826 libant,

336 2847 438 2904 Omnia
451 2863 502 2904 nos
515 2846 609 2904 itidem
622 2847 797 2920 depascimur
810 2864 893 2905 aurea
905 2848 979 2906 dicta
993 2849 1042 2923 (4),

232 3024 370 3095 utinam
386 3024 503 3122 reipsa
523 3023 684 3096 fecisset!
706 3032 925 3124 Quanquam
935 3053 1020 3127 apes
1035 3055 1109 3101 non
1125 3046 1279 3128 carpunt

230 3152 366 3239 omnia,
382 3149 444 3220 sed
460 3148 567 3220 flores
582 3149 628 3220 ad
648 3150 719 3220 mel
739 3151 944 3224 faciendum
959 3154 1110 3225 idoneos
1123 3154 1271 3250 eligunt,

231 3288 267 3345 et
285 3299 328 3345 ex
343 3274 385 3344 iis
401 3276 634 3371 purissimum
646 3273 757 3347 modo
773 3301 922 3350 succum
938 3278 1124 3368 hauriunt,
1143 3279 1275 3351 herbas

227 3557 283 3622 'tim
305 3558 422 3640 recepit
443 3559 686 3641 Havercampus3
705 3559 872 3622 Lambinus
885 3561 1081 3627 alienumest.
1106 3545 1275 3628 Lachman-

230 3675 305 3719 num
320 3657 484 3738 sequimur.

263 3756 305 3837 (i)
326 3757 448 3836 Epicuri
464 3756 530 3838 ssepi
544 3755 664 3822 Φύσεως.
678 3755 742 3818 Lib.
758 3758 816 3838 XI,
830 3758 888 3820 col.
904 3761 951 3820 13.

267 3857 304 3933 (2)
327 3856 461 3928 Lucret„
474 3857 503 3927 I,
519 3859 575 3917 671
591 3853 752 3935 (Lachm.).

264 3953 304 4032 (3)
325 3949 426 4028 Pind,
444 3954 577 4031 olymp„
591 3954 661 4030 VH,
677 3954 746 4014 125.
763 3951 853 4015 nonf.
870 3953 1231 4037 Virg.‚(1'eorp.‚ll,42:

328 4101 392 4156 Non
404 4116 453 4173 ego
466 4110 565 4158 cuncta
579 4101 649 4158 meis
662 4101 793 4174 amplecti
808 4103 932 4161 versibus
946 4113 1022 4179 opto.

262 4242 303 4325 (i)
326 4244 458 4318 Lucret„
474 4243 753 4322 111310(Laehm.).
