2886 4890
435 441 626 493 cononicus
643 442 725 493 arun
742 420 931 495 Lucanum.
1176 451 1208 498 aa

162 569 255 668 prati
283 567 414 640 ovibus
438 581 473 636 et
502 564 618 637 bobus
637 565 851 662 relinquunt
872 566 1128 665 depascendas.
1151 568 1207 638 Sic

159 710 194 767 et
216 709 336 792 poetae
363 690 568 788 eligendum
588 705 653 780 est,
683 691 742 761 cui
768 690 804 760 id
839 692 1017 789 imprimis
1045 693 1208 790 praecipit

159 820 324 906 Flaccus,
356 818 558 913 intelligens
591 815 688 888 idem
724 817 892 912 magister
922 831 957 887 et
993 817 1137 908 artifex,
1166 833 1208 888 ut

160 970 239 1043 quae.

263 1143 399 1214 Desperat
414 1145 530 1195 trartata
545 1136 679 1194 nitescere
693 1153 788 1210 posse,
799 1137 946 1209 relinquat.

207 1325 298 1392 Sunt
317 1334 439 1391 autem
461 1319 498 1389 in
514 1317 760 1416 philosophia,
782 1317 874 1388 utin
894 1317 1063 1389 omnihus
1081 1318 1204 1409 rebus,

159 1470 240 1543 quae
268 1447 442 1517 nitescere
464 1457 661 1541 nequeant,
688 1467 769 1539 quae
789 1441 977 1541 a'poetica
992 1444 1206 1515 tractatione

156 1596 307 1670 prorsus
321 1571 437 1642 aliena
455 1571 539 1659 sint,
555 1583 590 1639 et
607 1568 673 1638 has
690 1565 834 1638 dicendi
851 1593 1000 1639 veneres
1017 1594 1107 1665 quas
1125 1594 1207 1666 pos·

158 1696 248 1768 tulat
274 1696 393 1793 poesis
426 1693 576 1765 omnino
608 1693 814 1791 repudient.
840 1696 1060 1788 Argumento
1093 1694 1137 1764 sit
1164 1719 1205 1766 ea

157 1845 284 1917 magna
300 1844 384 1917 pars
404 1818 580 1916 epicureae
598 1816 773 1887 doctrinae
789 1841 901 1914 quam
921 1815 1050 1887 melius
1072 1821 1203 1889 Lucre·

158 1946 227 2017 tius
254 1944 475 2041 reliquisset,
505 1943 638 2014 nedum
681 1940 770 2016 huic
811 1941 1024 2015 obscuritati
1057 1967 1200 2037 rerum,

156 2085 192 2140 et
220 2070 413 2141 reconditae
441 2069 511 2141 arti
540 2095 582 2141 ao
608 2069 732 2141 subtili
756 2069 942 2168 poeticum
967 2068 1125 2139 nitorem
1154 2069 1203 2140 le-

155 2220 356 2292 poremque
388 2194 523 2268 addere
548 2196 730 2266 incassum
755 2208 959 2266 conaretur.
985 2192 1082 2282 Quid
1107 2195 1202 2265 enim

155 2319 308 2418 profecit
318 2320 527 2418 importuna
543 2319 603 2391 illa
611 2319 809 2392 fidelitate?
823 2326 937 2407 Locos
950 2344 1081 2418 nempe
1096 2321 1205 2418 scrip·

156 2445 200 2516 sit
221 2471 314 2543 quos
333 2471 353 2517 e
375 2445 670 2543 praestantissimo
697 2446 855 2518 carmine
880 2446 1007 2517 tollere
1034 2445 1200 2533 velimus,

155 2595 248 2668 quos
266 2597 374 2642 nemo
408 2571 493 2668 legit
517 2572 605 2669 quin
620 2571 742 2644 doleat
759 2587 902 2643 tantum
920 2586 1067 2670 poetam
1083 2570 1204 2641 inillis

155 2694 445 2767 cavillationibus
473 2721 623 2794 operam
640 2696 851 2795 perdidisse.
872 2696 968 2784 Quid
984 2697 1080 2767 enim
1104 2695 1203 2766 aliud

156 2822 275 2894 dicam
290 2823 336 2895 de
350 2823 420 2894 illis
437 2821 600 2894 versibus
615 2822 652 2892 in
668 2821 801 2920 quihus
810 2820 966 2919 probare
980 2820 1121 2913 nititur,
1139 2846 1202 2891 seu

153 2973 173 3019 a
191 2963 289 3020 recta
307 2948 377 3036 via,
390 2949 479 3020 dum
490 2974 509 3020 e
522 2973 655 3046 supero
665 2947 837 3018 deorsum
849 2945 1029 3037 seruntur,
1050 2945 1201 3041 paulum

154 3073 334 3146 declinare
354 3089 521 3144 atomos:

258 3287 349 3357 Quare
360 3283 442 3341 etiam
456 3292 538 3356 atque
551 3283 635 3342 etiam
644 3282 757 3355 paulum
769 3282 900 3338 inclinare
912 3290 1050 3338 necessest

256 3374 395 3445 Corpora;
408 3388 459 3428 nec
473 3373 535 3445 plus
551 3388 636 3444 quam
648 3371 807 3436 minimum,
823 3386 859 3427 ne
871 3369 976 3442 fingere
991 3377 1085 3426 motus

255 3466 392 3539 Obliquas
404 3465 546 3521 videamur
560 3471 588 3520 et
599 3463 628 3520 id
642 3479 688 3519 res
700 3478 762 3519 vera
776 3459 886 3520 refutet.

254 3557 380 3627 Namque
394 3554 448 3610 hoc
466 3553 495 3608 in
510 3560 639 3625 promptu
653 3551 887 3624 manifestumque
901 3569 959 3609 esse
970 3551 1093 3608 videmus
1108 3572 1134 3602 .’

254 3644 392 3714 Pondera,
408 3651 541 3717 quantum
554 3643 583 3698 in
595 3659 624 3699 se
638 3651 689 3709 est,
704 3659 762 3699 non
774 3659 853 3714 posse
865 3642 974 3715 obliqua
989 3657 1090 3707 meare,

253 3735 293 3790 Ex
309 3749 485 3806 superorum
500 3733 684 3806 praecipitant,
697 3733 771 3806 quod
784 3747 897 3791 cernere
909 3732 998 3806 possis
1012 3751 1019 3789 :

254 3823 309 3879 Sed
325 3823 365 3879 nil
379 3823 492 3880 omnino
505 3822 578 3879 nulla
592 3822 702 3896 regione
714 3822 765 3877 viai

254 3912 399 3991 Declinare
411 3912 473 3984 quis
489 3912 586 3985 estqui
598 3920 710 3984 praestet
724 3927 835 3970 cernere
849 3927 907 3968 sese
922 3913 977 3980 (1)i

190 4241 231 4324 (ll
252 4243 380 4319 Lueret,
399 4246 440 4320 Ii,
455 4247 513 4306 243
534 4243 687 4327 (Lachm.).
