2886 4890
197 461 230 511 ³0
497 459 537 510 DE
554 457 770 513 virtuosorum}
787 457 945 508 Ponuntls

302 578 417 635 Excltur
430 577 545 650 pedibus
557 579 673 647 sonitus,
688 578 863 650 clamoreque
876 584 989 633 montes

302 668 353 724 lcti
367 669 500 741 rejectant
511 684 592 727 voces
602 668 638 727 ud
651 667 741 726 sidera
755 666 869 724 mundi:

301 758 337 813 Et
348 756 569 814 circumvolitant
581 757 697 829 equites,
714 755 872 829 mediosque
885 761 1000 826 repente

300 845 469 902 Tramlttunt
483 845 571 902 valido
585 845 739 918 quatientes
753 845 855 917 impete
870 857 1003 914 campos:

300 935 335 990 Et
348 942 440 990 tamen
453 941 494 991 est
507 933 621 1008 quidam
632 934 709 990 locus
720 933 783 990 altis
797 931 949 1001 montibus,
966 930 1038 989 unde

300 1024 377 1081 Stare
391 1022 510 1094 videtur,
524 1022 593 1080 etin
605 1022 708 1094 campis
722 1022 871 1081 consistere
884 1020 974 1096 lulgur
987 1026 1035 1090 (t).

195 1199 266 1288 Qui
285 1225 409 1272 versus
428 1216 565 1298 quanta
582 1199 835 1291 delectatione,
854 1215 992 1298 quanta
1008 1198 1248 1271 admiratione

194 1328 378 1396 Romanos
390 1324 571 1415 homines,
588 1325 707 1423 patrio
721 1324 842 1397 studio
858 1326 910 1396 rei
924 1326 1071 1421 agrariae
1082 1323 1190 1394 simul
1204 1346 1258 1393 ac

194 1448 343 1519 militari
368 1447 621 1536 deditissimos,
651 1474 798 1521 movere
824 1446 1054 1521 debuerunt!
1087 1449 1184 1537 Quin
1210 1464 1247 1519 et

194 1598 321 1644 omnes
350 1572 518 1646 homines
552 1598 694 1672 semper
730 1571 948 1660 movebunt,
984 1587 1063 1643 turn
1093 1573 1245 1642 veritate

194 1698 371 1795 imaginis,
394 1714 473 1770 tum
494 1698 648 1798 pulchra
672 1723 795 1771 rerum
815 1698 950 1795 effigie,
973 1714 1053 1769 tum
1077 1697 1247 1768 carminis

194 1823 370 1896 suavitate
391 1840 427 1896 et
442 1826 587 1924 poetico
602 1825 665 1896 illo
680 1850 799 1915 sensu,
816 1822 862 1895 de
880 1849 955 1922 quo
971 1823 1048 1920 jam
1071 1821 1243 1912 diximus,

195 1947 259 2044 qui
285 1948 413 2020 melius
438 1949 559 2021 animo
586 1949 785 2047 percipitur
803 1973 916 2046 quam
934 1945 1245 2020 circumscribitur

194 2069 415 2145 delinitione.

243 2201 371 2268 Nonne
395 2212 517 2269 autem
541 2198 597 2269 vel
616 2196 826 2295 pulchriora
851 2198 981 2270 merito
1004 2197 1137 2269 dixeris
1165 2219 1245 2293 quae

193 2336 410 2418 sequuntur,
424 2346 539 2418 quum
550 2322 658 2394 variis
668 2336 810 2393 atomos
819 2321 943 2418 figuris
954 2347 1031 2393 esse
1041 2320 1188 2410 docens,
1204 2336 1246 2391 ut

193 2445 368 2532 viventia,
403 2469 476 2542 qua
506 2445 679 2517 varietate
716 2444 810 2516 fetus
845 2445 1055 2516 animalium
1091 2460 1244 2515 matrem

194 2586 405 2669 agnoscunt,
428 2569 529 2643 addit
548 2570 865 2643 celebratissimam
886 2570 987 2642 illam
1011 2595 1127 2643 vaccae
1146 2571 1241 2641 vitu-

193 2696 271 2767 lum
292 2695 468 2767 amissum
487 2695 705 2792 requirentis
719 2694 998 2793 descriptionem
1014 2694 1089 2791 (2)?
1108 2699 1241 2785 Quam,

192 2845 239 2892 ne
271 2819 393 2893 videar
426 2820 582 2891 Lucretii
620 2820 749 2892 scrinia
784 2820 1003 2919 compilare,
1050 2821 1243 2918 ipsumque

193 2960 308 3043 poetae
338 2970 497 3032 carmen,
522 2970 596 3016 non
621 2947 808 3044 propriam
834 2946 941 3017 edere
961 2945 1241 3017 commentatio-

192 3094 290 3160 nem,
308 3070 368 3143 hic
385 3068 623 3141 transcribere
637 3069 867 3169 supersedeo.
888 3075 1099 3168 Quanquam
1112 3066 1155 3140 0!
1172 3067 1242 3140 Sed

193 3220 340 3267 ornnem
367 3195 502 3266 librum
529 3196 697 3267 tenuitati
726 3196 922 3267 voluminis
947 3194 1058 3291 hujus
1085 3195 1242 3266 inserere

194 3332 391 3418 oporteret,
416 3317 552 3416 quippe
570 3317 607 3388 in
630 3343 705 3414 quo
722 3317 822 3411 nulla
839 3341 940 3414 paene
952 3316 1082 3413 pagina
1098 3317 1144 3387 sit
1162 3341 1242 3414 quae

193 3467 268 3514 non
284 3440 452 3514 notandis
466 3456 576 3538 atque
588 3440 811 3513 admirandis
821 3413 1023 3513 'verborum
1040 3465 1082 3511 ac
1098 3455 1243 3512 senten-

193 3567 327 3639 tiarum
342 3565 542 3637 luminibus
558 3580 705 3638 scateat.
724 3571 804 3638 Mox
819 3566 916 3638 enim
933 3567 1137 3639 invenimus
1150 3589 1242 3664 prae-

193 3691 332 3764 clarum
356 3691 615 3787 naufragorum
639 3690 912 3763 similitudinem
933 3691 1003 3788 (3);
1033 3705 1069 3762 et
1091 3691 1240 3788 praecla·

233 4042 277 4122 (l)
298 4043 420 4103 Lucret.
437 4038 480 4110 11,
495 4041 631 4101 tlt-332
647 4039 809 4118 (Luchm.).

234 4138 273 4220 (ἢ)
298 4140 416 4199 Lucret.
431 4137 472 4210 ll,
491 4137 628 4198 usu-366
645 4137 804 4218 (Lachml

233 4242 272 4322 (3)
296 4237 412 4299 lucret.
427 4235 471 4308 ll,
488 4235 625 4296 usa-559
640 4234 797 4313 (Lacum).
