2886 4890
192 469 224 516 38
494 461 534 512 DE
552 458 771 510 Pulsosorlssol
789 455 944 508 renuatis

193 588 330 658 tionem
350 582 584 655 vividissimis
600 595 637 652 et
651 580 867 676 gravissimis
894 579 1059 651 omnium
1082 579 1245 651 versibus

193 711 380 782 Lucretius
409 708 531 779 multis
558 708 594 776 in
617 706 706 777 locis
725 705 915 804 expressit,
935 705 985 776 ita
1015 720 1056 777 ut
1087 706 1245 776 nesciam

194 862 275 934 quae
311 834 464 930 majora,
488 831 718 930 pulchriora,
743 829 790 901 ad
817 829 1037 921 movendos,
1058 830 1245 901 concitan-

193 961 272 1052 dos,
293 956 563 1060 perturbandos
577 956 717 1026 animos
731 956 885 1053 aptiora,
904 955 933 1024 si
955 953 1079 1025 luisset
1092 955 1243 1042 stoicus,

193 1087 355 1158 invenire
377 1082 568 1182 potuisset.
597 1085 650 1152 De
682 1104 755 1178 qua
779 1105 818 1151 re
841 1078 971 1151 vellem
994 1078 1132 1175 aequius
1148 1077 1245 1173 judi·

95 1203 97 1206 ’
195 1225 310 1282 casset
324 1208 528 1280 Poliniacus
559 1205 620 1278 ille
640 1230 751 1302 quem
779 1229 896 1302 nuper
914 1203 1079 1291 laudavi,
1100 1228 1167 1274 nec
1184 1229 1247 1275 vo·

178 1334 353 1432 luptates
371 1345 490 1431 poetae
504 1344 650 1420 nostro,
668 1344 708 1400 ut
727 1328 876 1401 cuilibet
890 1329 1065 1427 «Epicuri
1083 1327 1128 1400 de
1142 1352 1246 1426 grege

195 1483 353 1556 porco»,
383 1453 688 1554 exprobravisset,
714 1478 805 1551 quas
835 1453 926 1524 adeo
943 1477 1018 1524 non
1039 1453 1167 1550 quaerit
1190 1467 1245 1522 at-

197 1609 270 1680 que
288 1581 510 1671 admiratur,
531 1594 719 1650 utcontra
742 1603 855 1676 quam
874 1581 998 1649 inanes
1025 1579 1108 1670 sint,
1133 1602 1246 1673 quam

197 1722 336 1806 turpes,
360 1731 472 1803 quam
489 1704 657 1794 funestae,

306 1897 418 1956 Planius
429 1914 461 1955 ac
474 1898 573 1955 melius
584 1897 739 1972 Chrysippo
752 1906 780 1955 et
792 1897 926 1955 Crantore
937 1896 1020 1954 dicat.
1098 1877 1099 1882 ἵ

246 2725 376 2791 Fateor
394 2734 515 2792 tamen
541 2719 579 2790 id
597 2719 766 2790 Lucretio
785 2703 1114 2815 impedimento‘ac
1136 2717 1247 2789 detri-

197 2860 321 2917 mento
349 2844 457 2916 fuisse
480 2845 582 2942 quod
613 2845 773 2942 magistri
799 2844 972 2939 vestigiis,
1008 2843 1073 2915 ubi
1098 2859 1247 2942 poetam

197 2996 271 3042 non
291 2967 462 3060 decebat,
483 2969 625 3041 fidelius
640 2971 823 3042 institerit.
848 2970 957 3059 Quod
983 2954 1059 3066 jam
1087 2969 1244 3067 pridem,

196 3094 286 3165 dum
308 3096 345 3165 in
360 3095 519 3190 Diogene
538 3093 585 3165 ad
610 3094 839 3166 Herodotum
863 3095 1054 3192 epistolam
1073 3095 1244 3192 legerem,

197 3221 412 3317 suspicatus
429 3244 547 3317 nuper
565 3220 797 3291 manifestum
819 3219 906 3309 vidi,
923 3246 1039 3318 quum
1062 3221 1247 3319 pretiosis-

196 3347 305 3415 simas
319 3344 397 3415 illas
409 3344 634 3441 antiquitatis
647 3345 841 3442 reliquias,
860 3346 1146 3417 Herculanenses
1163 3345 1246 3417 dico

195 3468 323 3559 libros,
342 3493 385 3540 ex
404 3467 503 3538 urbis
524 3469 673 3567 sepultae
692 3468 884 3541 ruderibus
897 3483 980 3567 post
999 3469 1097 3540 mille
1110 3469 1246 3568 septin-

195 3609 322 3690 gentos
342 3618 456 3664 annos
479 3592 601 3664 solerti
627 3593 822 3664 doctorum
844 3593 1038 3665 hominum
1064 3593 1247 3692 diligentia

196 3719 232 3789 in
256 3718 377 3789 lucem
392 3717 563 3816 opinione
588 3717 727 3789 felicius
747 3718 878 3810 editos,
901 3743 1126 3816 quanquam,
1151 3718 1244 3790 heu!
1321 3720 1327 3730 ’

197 3857 252 3914 tot
269 3842 407 3913 lacunis
430 3840 629 3941 discerptos
644 3868 685 3914 ac
700 3843 851 3933 laceros,
873 3843 1105 3940 pervolutare
1123 3845 1240 3942 potui.

196 3975 288 4041 Cum
303 3968 364 4041 illa
383 3992 471 4039 vero
490 3968 623 4065 quaein
638 3970 797 4065 Diogene
815 3984 899 4041 sunt
912 3968 1082 4040 omnibus
1101 3970 1245 4041 notiora

196 4118 273 4164 esse
288 4092 499 4183 videantur,
517 4093 563 4164 de
581 4092 639 4163 his
649 4085 879 4191 potissimum
894 4094 1025 4191 loquar
1041 4118 1121 4191 quae
1135 4092 1241 4164 nobis

196 4240 216 4287 e
237 4216 440 4288 Philodemi
465 4216 687 4290 bibliotheca
714 4233 928 4290 conservata
951 4234 1055 4309 sunt3
1077 4217 1122 4290 iis
1147 4218 1244 4290 enim
