2886 4890
242 469 273 517 44
542 457 583 508 DE
601 454 819 507 eflttosotuttct
836 456 994 511 robustis

242 610 306 656 seu
327 597 456 682 praeter
478 603 611 677 corpus
636 592 672 648 et
697 577 804 648 inane
829 603 904 650 non
927 604 1003 651 esse
1022 581 1166 652 tertiam
1183 596 1290 653 natu·

241 736 318 783 ram
337 733 420 807 quac
439 707 579 779 diversa
596 703 642 776 ab
661 703 718 775 his
735 729 802 803 per
820 729 857 775 se
874 704 1001 776 existat
1022 731 1030 774 :

347 909 482 964 Praeterea
495 902 535 959 nil
546 906 588 958 est
601 900 675 974 quod
689 900 775 973 possis
789 899 881 956 dicere
896 900 930 956 ab
943 900 1019 956 omni

345 998 471 1067 vCorpore
483 992 637 1066 seJ'unctum
650 998 840 1061 secretumque
856 1004 914 1044 esse
927 990 961 1046 ab
975 990 1062 1058 inani,

348 1081 430 1156 Quod
442 1081 520 1154 quasi
535 1080 615 1136 tertia
629 1080 666 1135 sit
680 1093 798 1134 numero
813 1085 911 1134 natura
924 1087 1043 1151 reperta.

347 1175 420 1230 Nam
433 1168 628 1244 quodcumque
642 1167 704 1238 erit,
720 1183 778 1223 esse
790 1166 892 1240 aliquid
902 1165 1014 1224 debebit
1027 1168 1154 1242 idipsum
1168 1174 1218 1238 (t);

243 1371 306 1418 seu
324 1344 460 1416 semina
480 1368 554 1414 non
575 1342 715 1413 infinita
734 1341 932 1435 figurarum
951 1341 1123 1413 varietate
1143 1343 1237 1413 inter
1258 1366 1295 1411 se

242 1471 389 1542 differre
410 1495 418 1537 :

348 1665 428 1740 Quod
445 1665 577 1739 quoniam
592 1663 684 1732 docui,
700 1679 811 1736 pergam
824 1672 990 1721 connectere
1001 1679 1062 1721 rem
1072 1679 1133 1737 quae

348 1759 388 1812 Ex
401 1754 454 1812 hoc
466 1763 531 1826 apta
544 1753 629 1810 fidem
645 1753 737 1822 ducat,
752 1751 902 1825 primordia
916 1767 1010 1809 rerum

348 1845 438 1902 Finita
450 1845 555 1901 variare
567 1844 717 1918 figurarum
731 1843 849 1899 ratione.

348 1933 468 2005 Quodsi
483 1949 542 1990 non
557 1933 595 1990 ita
606 1933 652 2002 sit,
665 1949 775 1989 rursum
785 1932 844 2005 jam
858 1931 964 1989 semina
979 1932 1107 2005 quaedam

347 2027 415 2080 Esse
430 2023 539 2080 infinito
555 2023 693 2080 debebunt
707 2023 831 2096 corporis
844 2031 938 2079 auctu.

348 2115 475 2187 Namque
490 2113 587 2170 eadem
600 2113 683 2170 unius
693 2113 814 2186 cujusvis
826 2112 855 2169 in
868 2112 1002 2170 brevitate

349 2203 479 2276 Corporis
493 2202 566 2260 inter
579 2219 608 2260 se
622 2203 742 2260 multum
757 2203 862 2260 variare
874 2202 971 2275 figurae

348 2293 412 2349 Non
426 2300 551 2365 possunt,
567 2297 620 2349 etc.
636 2295 689 2361 (2);

243 2489 307 2537 seu
327 2490 400 2536 non
422 2465 568 2536 sensiles
591 2489 668 2536 esse
691 2479 846 2557 atomos,
872 2489 914 2536 ex
936 2465 979 2536 iis
1001 2480 1123 2538 autem
1141 2465 1291 2537 insensi-

242 2591 337 2663 libus
358 2592 498 2663 sensilia
517 2591 679 2687 generari
705 2617 712 2660 :

350 2782 454 2840 Deinde
469 2799 510 2848 ea,
526 2781 676 2839 seminibus
694 2781 740 2854 qui
753 2781 852 2838 sensile
865 2795 945 2854 posse
958 2779 1045 2837 creari

349 2871 529 2928 constituunt
542 2888 625 2944 porro
640 2888 672 2929 ex
684 2872 745 2928 aliis
755 2871 857 2928 sentire
871 2871 965 2937 suetis,

349 2959 441 3017 Mollia
452 2959 512 3033 Jam
525 2957 645 3029 iaciunt3
659 2975 725 3015 uam
737 2974 835 3015 sensus
843 2958 971 3032 jungitur
983 2956 1074 3015 omnis

273 3114 276 3119 ⁴
350 3049 518 3118 Visceribus,
532 3050 633 3119 nervis,
650 3050 736 3114 venis,
752 3065 814 3121 quae
828 3056 927 3105 cuncta
939 3047 1064 3105 videmus

349 3139 442 3195 Mollia
456 3139 568 3196 mortali
583 3139 733 3195 consistere
747 3154 864 3212 corpore
880 3146 964 3195 creta.

350 3228 405 3285 Sed
417 3236 512 3284 tamen
525 3236 584 3284 esto
595 3229 653 3301 jam
668 3243 747 3300 posse
761 3228 821 3284 baec
833 3235 935 3284 aeterna
947 3241 1078 3283 manere:

350 3317 456 3391 Nempe
466 3325 562 3374 tamen
576 3316 678 3374 debent
691 3326 739 3374 aut
749 3332 860 3375 sensum
876 3316 962 3390 partis
977 3315 1088 3382 habere,
1100 3324 1152 3372 eto.
1165 3317 1212 3386 (3).

244 3496 314 3567 Sed
323 3496 429 3594 plura
438 3495 601 3594 proferre
609 3495 731 3595 pudor
739 3510 836 3567 vetat
847 3510 883 3568 et
893 3495 992 3568 velut
1001 3495 1167 3593 quaedam
1176 3507 1293 3593 poetae

246 3619 442 3710 miseratio,
459 3645 569 3718 quem
583 3619 733 3691 laudare
747 3623 783 3693 in
799 3620 869 3691 hac
882 3619 1202 3701 commentatione,
1218 3642 1293 3688 non

246 3743 471 3816 irridendum
498 3744 700 3841 legentibus
723 3745 867 3817 tradere
886 3745 1045 3836 institui;
1066 3760 1103 3816 et
1127 3743 1195 3814 has
1214 3767 1291 3814 ma·

285 4045 326 4128 (l)
348 4047 481 4122 Lucret,
496 4047 526 4120 I,
541 4049 602 4109 430
619 4044 777 4125 (boehm).

286 4146 328 4222 (2)
349 4144 612 4220 Lucret.,ll,d*18
630 4143 785 4221 (boehm).
858 4146 860 4154 ’

285 4241 327 4323 (3)
344 4244 473 4315 Lucret,
486 4243 513 4303 Il
521 4288 532 4320 ,
546 4244 606 4305 902
623 4241 780 4320 (luebat).
