2886 4890
479 426 670 479 countrlouu
688 428 771 480 leun
787 427 978 481 Lucanum.
1221 430 1251 478 at

204 575 307 646 agere
330 549 413 646 jure
437 550 603 623 videatur
623 549 688 646 (1).
716 556 756 621 ln
779 548 912 647 quibus
935 574 1052 646 quum
1076 547 1114 619 id
1138 573 1252 620 unum

203 699 364 772 quaeram
398 673 459 772 (ne
482 699 502 745 a
534 674 724 774 proposito
742 672 948 769 declinem),
970 672 1104 771 quihus
1122 671 1252 745 condi·

203 798 362 871 tionibus
389 798 623 899 philosophia
650 799 784 894 justam
806 799 995 871 materiem
1014 797 1116 896 poesi
1138 798 1252 896 possit

202 924 377 1021 praebere,
401 924 485 996 licet
518 938 555 995 et
586 950 667 1022 quae
686 923 777 996 adeo
796 925 939 1022 poetica
958 922 1087 995 dixerit
1113 922 1158 995 de
1181 922 1252 995 ho.-

202 1049 343 1119 minum
357 1048 511 1139 miseria,
528 1048 574 1120 de
589 1048 758 1120 felicitate
773 1047 955 1144 sapientis,
975 1045 1020 1118 de
1034 1044 1169 1117 amoris
1184 1069 1248 1143 pe-

200 1174 325 1244 riculis
344 1188 454 1270 atque
473 1172 681 1270 angoribus,
701 1172 747 1244 de
765 1172 935 1243 humanae
965 1170 1146 1242 societatis
1176 1171 1250 1241 ori-

200 1297 294 1392 gine,
310 1297 356 1367 de
374 1297 506 1368 artium
526 1298 745 1384 inventione,
764 1321 806 1367 ea
821 1294 1063 1395 philosophus
1083 1319 1152 1391 pro
1167 1293 1250 1390 jure

202 1445 267 1491 suo
293 1419 360 1491 sihi
386 1422 500 1518 possit
525 1420 724 1509 vindicare,
762 1420 808 1491 ad
836 1419 905 1491 alia
932 1418 1162 1518 potissimum
1192 1444 1251 1491 me

201 1544 398 1636 conferam,
418 1570 499 1642 quae
514 1545 677 1618 scholam
694 1545 808 1642 magis
825 1543 990 1616 redolere
1006 1558 1043 1615 et
1060 1567 1080 1614 a
1099 1544 1250 1642 poeticis

201 1669 424 1741 ornamentis
447 1675 560 1765 magis
582 1669 697 1741 aliena
714 1693 789 1741 esse
810 1668 941 1740 merito
958 1665 1099 1738 dixeris.
1119 1670 1207 1753 Quae
1221 1667 1251 1737 si

200 1821 329 1865 rausero
345 1795 460 1885 melle,
481 1810 523 1867 ut
543 1797 620 1893 ipse
638 1795 727 1868 dixit
744 1811 880 1883 noster,
903 1797 1101 1893 contingere
1118 1808 1249 1892 potue·

200 1922 261 2017 rit,
277 1919 353 2015 jam
374 1918 624 1992 confitendum
646 1922 714 1992 erit
736 1945 811 1992 non
835 1933 1101 2015 argumentum,
1118 1917 1180 1989 sed
1193 1918 1249 1988 in·

199 2044 357 2140 genium,
380 2059 416 2117 et
437 2059 596 2117 mentem
616 2043 850 2134 diviniorem,
870 2059 906 2116 et
926 2042 1250 2115 inflammationem

199 2169 419 2257 animorum,
447 2185 483 2240 et
507 2169 564 2266 (ut
587 2170 751 2242 Tulliano
781 2168 894 2241 verbo
923 2169 1020 2266 utar)
1052 2168 1249 2266 quemdam

199 2293 360 2364 afflatum
383 2294 488 2392 quasi
504 2294 638 2366 furoris
653 2310 779 2393 poetas
796 2295 927 2367 facere.

248 2421 388 2491 Etenim
406 2420 444 2490 in
463 2420 565 2491 omni
587 2421 730 2518 Epicuri
754 2418 987 2519 philosophia
1012 2418 1248 2517 quidobscu-

198 2543 285 2628 rius,
311 2542 401 2640 quid
426 2542 593 2614 subtilius
618 2569 660 2615 ea
685 2542 731 2616 de
754 2543 886 2616 atomis
905 2543 1072 2615 doctrina
1092 2569 1204 2640 quam
1227 2569 1248 2615 a

198 2668 406 2740 Democrito
426 2684 614 2767 acceptam
638 2669 806 2740 Lucretio
832 2667 1008 2740 tradidit?
1040 2673 1159 2757 Quam
1188 2668 1249 2740 hic

198 2807 319 2863 tamen
342 2792 379 2862 in
398 2793 558 2865 secundo
576 2793 754 2892 poematis
779 2793 873 2864 libro
889 2818 1049 2892 persaepe
1072 2793 1164 2865 adeo
1195 2794 1249 2864 vi·

198 2915 288 2988 vidis
306 2942 349 2988 ac
366 2916 472 2988 claris
487 2916 671 2989 coloribus
695 2917 870 3016 depingit,
901 2933 977 2989 tam
1005 2919 1148 3017 poetica
1165 2918 1246 2989 luce

196 3039 389 3123 illuminat,
406 3055 448 3112 ut
462 3041 499 3112 in
518 3066 560 3112 ea
573 3042 676 3114 nullo
691 3057 799 3140 pacto
818 3041 914 3114 hanc
932 3041 1245 3140 pulchritudinem

196 3162 443 3236 desideremus
475 3191 588 3263 quam
624 3181 766 3238 constat
800 3166 988 3266 propriam
1020 3166 1140 3265 poesis
1168 3192 1245 3239 esse

196 3288 353 3361 laudem.
375 3294 540 3386 Namque
555 3315 670 3387 quum
689 3290 895 3363 fidelissime
914 3315 956 3362 ac
977 3289 1246 3387 diligentissime

195 3414 354 3508 magistri
367 3428 574 3485 commenta
583 3431 754 3513 exponat,
772 3415 816 3486 iis
834 3429 956 3486 tamen
977 3414 1242 3505 similitudines,

194 3536 471 3635 descriptiones,
504 3537 662 3610 ἐπεισόδια
690 3538 791 3638 (quae
821 3537 969 3635 dicunt)
1000 3538 1243 3627 intermiscet,

194 3659 328 3758 quibus
359 3677 486 3733 ornata
517 3677 628 3759 atque
657 3662 835 3734 illustrata
859 3688 961 3763 paene
991 3688 1138 3735 omnem
1166 3664 1245 3734 tris·

193 3786 296 3857 tioris
322 3784 518 3884 disciplinae
544 3785 774 3882 jejunitatem
801 3811 843 3859 ac
868 3788 1066 3859 siccitatem
1095 3802 1241 3860 exuant.

234 4013 276 4093 (l)
298 4014 340 4073 De
357 4011 469 4093 quibus
484 4013 563 4074 inter
575 4013 801 4076 recentissimos
815 4013 962 4095 imprimis
977 4012 1062 4093 digni
1079 4014 1132 4094 qui
1142 4014 1244 4093 legan-

194 4115 242 4170 tur
255 4111 287 4171 G.
298 4109 416 4171 Martha
431 4110 538 4192 (aene
549 4109 598 4171 des
610 4112 703 4172 Deae
709 4111 846 4187 Mendes,
860 4130 943 4174 mars
954 4114 1055 4190 1862),
1066 4112 1243 4173 etPrevost·

156 4233 159 4240 ·
192 4207 321 4269 Paradol
334 4205 512 4287 (Nouercae
523 4213 614 4270 earnis
624 4210 662 4271 de
668 4213 855 4290 potitiqueet
866 4212 904 4272 de
917 4212 1100 4286 litterature,
1109 4229 1141 4291 p.
1157 4213 1240 4290 172).
