2886 4890
454 419 643 473 corbulone
661 422 743 474 APUD
760 422 949 476 Lucnnnlnn.
1192 420 1224 470 55

173 536 314 632 legunt3
344 564 410 612 nec
440 540 593 613 obscure
623 543 700 643 ipse
724 560 847 616 monet
874 559 998 616 noster
1026 541 1114 615 sexti
1140 538 1224 611 libri

174 661 276 734 initio
295 688 333 734 se

278 858 420 929 Supremae
436 860 594 952 praescripia
608 860 643 918 ad
655 860 772 919 candida
785 861 867 919 calcis
881 866 891 930 (
910 865 930 931 ),

173 1033 307 1106 scilicet
328 1035 374 1106 ad
396 1036 502 1108 stadii
526 1054 679 1130 metam,
710 1054 808 1111 creta
831 1064 895 1110 seu
919 1037 1017 1110 calce
1038 1049 1220 1140 notatam,

169 1157 245 1254 jam
258 1184 417 1233 currere.
431 1167 502 1234 Nec
511 1161 701 1262 probabile
715 1179 769 1237 est
781 1169 978 1237 Varronem
989 1176 1107 1262 poetae
1120 1174 1222 1231 tanto

169 1283 324 1379 junioris
350 1311 461 1384 quam
486 1287 562 1387 ipse
587 1303 666 1360 erat
691 1290 850 1361 carmina
874 1288 1029 1361 novisse.
1060 1284 1168 1374 Quod
1192 1285 1220 1355 si

172 1408 339 1505 quaedam
363 1412 508 1483 Servius
530 1427 573 1484 ut
595 1413 808 1487 Lucretiana
829 1413 934 1486 affert
957 1436 1039 1509 quae
1062 1434 1160 1481 nunc
1184 1408 1220 1479 in

171 1549 338 1632 poemate
352 1533 487 1608 frustra
500 1538 734 1635 requirimus,
751 1519 873 1611 nonne
886 1536 1033 1608 fallente
1045 1532 1221 1606 memoria

172 1683 291 1732 errare
315 1661 464 1758 potuit?
493 1662 563 1734 Sed
590 1678 627 1734 et
650 1662 865 1735 intercidere
889 1675 1089 1760 potuerunt
1114 1658 1222 1756 culpa

170 1783 403 1856 librariorum
419 1786 586 1858 nonnulli
603 1812 740 1878 versus,
763 1812 879 1885 quum
897 1809 1025 1857 omnes
1042 1784 1107 1881 qui
1124 1807 1221 1854 nunc

171 1924 311 1981 exstant
344 1911 497 1982 Lucretii
528 1913 763 2011 manuscripti
793 1911 936 1983 codices
968 1910 1063 1980 inter
1093 1906 1221 1979 doctos

169 2033 336 2106 homines
350 2049 490 2108 constet
505 2060 525 2106 e
539 2036 685 2108 duobus
699 2034 1035 2131 Lugduno·Batavis
1048 2031 1222 2131 exemplis
1277 2037 1279 2041 ’

104 2161 105 2165 ’
169 2174 271 2232 ortos
285 2184 380 2250 esse;
400 2157 621 2259 quadratum
635 2159 717 2231 dico
737 2174 772 2232 et
791 2158 1002 2255 oblongum,
1021 2172 1220 2254 uirumque

169 2309 212 2355 ex
230 2284 359 2356 eodem
377 2284 573 2357 vetustiore
592 2285 788 2382 exemplari
807 2284 1043 2383 descriptum.

216 2413 261 2480 At
278 2410 374 2480 enim
394 2410 577 2482 Lucretius
593 2433 677 2480 cum
693 2409 801 2481 docet
817 2408 905 2480 deos
922 2410 959 2479 in
976 2407 1077 2480 nulla
1091 2408 1220 2480 mundi

168 2550 271 2633 parte
299 2535 525 2607 domicilium
554 2532 710 2626 habere,
745 2535 794 2607 sic
824 2535 1038 2606 sententiam
1070 2533 1219 2608 conclu-

169 2661 222 2733 dit
240 2659 292 2758 (2)
312 2687 320 2729 ι

180 2847 182 2853 ·
274 2835 365 2904 Quare
377 2834 461 2891 ctiam
475 2833 554 2890 sedes
568 2848 678 2906 qnoque
689 2831 791 2891 nostris
807 2831 917 2889 sedibus
928 2847 987 2888 esse

275 2924 431 2980 Dissimiles
441 2922 552 2992 dehent,
564 2930 674 2979 tenuest
687 2923 709 2978 si
724 2921 819 2995 corpn'
831 2920 946 2978 deorum
960 2925 1015 2991 (8);

275 3012 343 3082 Quae
355 3010 405 3066 tibi
418 3010 554 3082 posterius
567 3011 642 3082 largo
656 3023 784 3065 sermone
796 3007 940 3081 probab03

162 3172 372 3269 ¹cujusmodi
388 3171 479 3243 nihil
495 3196 650 3268 usquam
665 3169 781 3242 simile
793 3167 991 3259 habemus;
1009 3169 1107 3242 unde
1121 3169 1218 3242 colli-

168 3314 257 3395 gunt
273 3298 340 3369 viri
359 3296 458 3368 docti
476 3320 556 3367 eam
574 3319 722 3393 quoque
742 3295 911 3366 carminis
927 3308 1068 3391 partem
1084 3294 1217 3389 injuria

168 3424 341 3522 temporis
357 3436 421 3493 aut
436 3420 629 3492 hominum
645 3421 804 3519 periisse.
826 3424 905 3490 Hoc
922 3417 1069 3490 infitiari
1086 3419 1213 3508 nolim,

168 3574 378 3648 quanquam
397 3572 477 3645 quae
494 3544 650 3645 probare
668 3545 910 3616 destinaverat
927 3544 1020 3616 forte
1038 3570 1113 3617 uon
1129 3571 1215 3644 pro·
1294 3571 1298 3579 ·

166 3678 279 3767 bavit,
296 3700 412 3773 quum
424 3687 543 3744 morte
556 3671 751 3741 immatura
764 3695 858 3769 opus
871 3670 1124 3768 imperfectum
1137 3671 1217 3743 reli-

208 3902 249 3979 (l)
270 3900 403 3969 Lucret„
417 3896 472 3972 V1,
488 3897 527 3956 92
544 3891 704 3971 (Lachm.)⁸¹

210 3998 251 4078 (ἓ)
272 3999 401 4066 Lucrei.,
414 3994 450 4066 V,
465 3994 522 4054 153
537 4008 620 4071 seqq.
635 3988 791 4068 (Lachml

209 4096 249 4178 (3)
272 4094 321 4156 Sic
340 4091 554 4154 Lachmannus
574 4085 770 4150 scribendum
789 4088 973 4168 suspicatur.
989 4087 1216 4167 vulgares'edi-

169 4195 266 4260 tiones
281 4176 396 4262 tenues,
410 4188 447 4250 de
464 4205 587 4267 corpore
601 4202 715 4247 eorum.
731 4185 898 4249 Lambinus
919 4205 973 4267 pro
986 4203 1120 4265 corpore.
