2886 4890
480 430 670 483 connruouu
688 432 771 484 arun
788 431 977 484 tuoruum.
1136 393 1141 402 ⁸
1223 435 1255 483 aa

207 554 290 625 solis
303 554 470 650 colligere
482 553 584 625 licuit
600 554 690 651 quid
704 554 812 626 fuerit
826 554 918 625 illud
929 553 1252 626 celebratissimum

206 681 350 778 Epicuri
368 682 445 776 Περὶ
461 684 587 760 Φύσεως
614 705 720 778 opus,
746 681 892 776 triginta
915 695 1054 777 septem
1073 678 1174 751 libris
1190 679 1254 750 dev

205 804 380 902 scriptum
400 804 465 901 (l),
484 805 547 902 qui
566 819 681 876 totam
701 820 839 876 naturae
862 805 1148 902 speculationem
1166 829 1255 876 con·

205 928 381 1002 tinebant.
404 936 540 1029 Nempe
549 930 644 1002 inter
652 930 714 1001 illa
723 931 873 1002 minoris
882 931 1060 1001 momenti
1078 929 1254 1028 opuscula

204 1054 337 1152 quihus
358 1055 557 1146 Demetrii,
580 1056 806 1146 Philodemi,
828 1056 1032 1154 Polystrati,
1055 1055 1254 1128 Metrodori

204 1183 351 1252 nomina
372 1180 633 1272 inscribuntur,
657 1197 730 1254 tres
746 1207 904 1281 papyros
927 1182 1143 1254 invenerunt
1161 1187 1252 1254 Nea-

202 1306 355 1405 politani
369 1306 580 1398 academici,
597 1307 635 1377 in
651 1307 785 1403 quibus
800 1308 918 1380 multo
933 1305 1093 1379 nobilius
1107 1307 1252 1406 Epicuri

202 1456 336 1503 nomen
354 1447 389 1504 et
407 1447 517 1504 notus
531 1457 551 1504 e
565 1432 724 1528 Diogene
744 1433 871 1503 titulus
894 1431 1130 1529 legebantur:
1160 1456 1254 1530 quo·

202 1581 283 1627 rum
305 1557 481 1654 quasdam
496 1573 631 1655 partes
659 1583 775 1654 quum
793 1558 1170 1657 evolverepotuerint
1180 1613 1192 1646 ,
1216 1558 1253 1629 in

203 1704 268 1750 sua
291 1680 478 1752 volumina
513 1681 756 1754 inseruerunt.
794 1683 939 1754 Utinam
967 1682 1036 1753 alia
1069 1682 1253 1782 reperiant

202 1804 400 1876 doctissimi
419 1807 486 1878 viri
517 1806 649 1904 quibus
671 1809 782 1903 magis
814 1809 903 1906 ignis
933 1806 1154 1907 peperceritl
1183 1807 1252 1879 Sed

201 1944 323 2001 tamen
334 1930 410 2026 jam
424 1930 603 2003 habemus
617 1948 733 2004 certas
748 1934 858 2004 trium
872 1933 1052 2005 librorum
1065 1933 1248 2031 reliquias,

201 2055 350 2127 secundi
367 2057 501 2129 scilicet
516 2073 626 2154 atque
643 2058 825 2130 undecimi
846 2059 884 2129 in
904 2059 1063 2130 secundo
1083 2058 1252 2157 Neapoli-

201 2193 370 2252 tanorum
380 2182 579 2273 volumine,
595 2183 686 2254 alius
701 2198 823 2255 autem
837 2184 966 2255 incerti
980 2183 1017 2254 in
1033 2182 1175 2255 decimo
1185 2183 1250 2280 (2),

200 2304 264 2376 ubi
277 2306 323 2378 de
338 2303 476 2390 εἰδώλοις
496 2333 558 2379 seu
572 2308 787 2400 simulacris,
808 2308 853 2380 de
873 2323 983 2398 terra,
1006 2308 1080 2381 sole
1099 2309 1252 2406 aliisque

200 2433 383 2523 meteoris,
409 2433 454 2504 de
473 2435 603 2505 atomis
624 2434 784 2532 denique
804 2434 980 2506 nonnulla
998 2434 1150 2530 legimus
1171 2459 1252 2531 quae

199 2557 405 2630 doctrinam
423 2559 460 2630 in
480 2560 641 2657 epistolis
651 2560 698 2630 ad
708 2559 949 2650 Herodotum,
960 2559 1006 2630 ad
1022 2558 1248 2656 Pythoclem,
1368 2654 1374 2658 ἣ

199 2682 245 2754 ad
258 2689 481 2757 Menoeceum
498 2686 724 2756 enuntiatam
739 2710 802 2756 seu
819 2685 1017 2783 complent,
1034 2709 1098 2756 seu
1116 2685 1247 2756 confir-

198 2825 312 2880 mant.
330 2816 369 2881 ln
392 2809 525 2906 quibus
542 2811 677 2896 mirum
692 2826 747 2882 est
761 2835 871 2908 quam
887 2810 1002 2881 multa
1023 2811 1249 2881 inveniamus

199 2960 278 3031 quae
305 2934 459 3006 fideliter
480 2937 668 3007 Lucretius
687 2937 871 3033 expressit.
888 2942 966 3007 lam
990 2936 1173 3007 neminem
1195 2934 1248 3005 la-

198 3074 273 3132 tere
289 3074 409 3158 potest
427 3076 599 3159 poetam,
627 3061 716 3133 dum
736 3060 928 3152 scriberet,
951 3085 1106 3158 graecum
1126 3085 1247 3130 exem·

197 3185 277 3282 plar
289 3201 373 3257 ante
386 3185 511 3257 oculos
524 3185 708 3277 habuisse,
734 3187 784 3256 ita
799 3202 839 3257 ut
856 3210 930 3256 non
947 3185 1152 3256 doctrinam
1166 3200 1245 3256 tan-

197 3324 289 3401 tum,
312 3325 352 3382 ut
370 3310 581 3409 discipulus,
606 3311 722 3383 sedet
743 3311 853 3382 verba
868 3310 989 3391 verbis
1005 3336 1185 3409 persaepe,
1203 3310 1246 3381 fi-

196 3434 264 3505 dus
280 3436 475 3533 interpres,
492 3436 643 3507 reddere
657 3452 863 3508 conaretur.
887 3435 989 3507 Unde
1012 3435 1054 3506 sit
1072 3451 1114 3507 ut
1128 3437 1246 3533 singu·

195 3559 238 3630 lis
258 3560 332 3632 fere
350 3562 490 3659 paginis
513 3560 659 3659 Epicuri
683 3563 801 3634 editor
820 3562 1006 3648 Rosinius,
1030 3566 1073 3632 V.
1096 3566 1153 3651 C.,
1173 3566 1244 3631 Lu-

193 3687 296 3758 cretii
322 3687 422 3758 locos
439 3687 579 3779 alferat,
603 3687 736 3786 quibus
752 3686 907 3759 obscura
924 3688 1094 3776 illustret,
1120 3686 1244 3757 vitiata

192 3813 361 3909 corrigat,
378 3813 507 3883 amissa
522 3813 702 3912 suppleat.
939 3817 941 3821 ’

234 4026 273 4104 (l)
294 4023 424 4105 Diogen.
439 4026 551 4102 Laert,
568 4026 612 4100 X,
630 4028 678 4086 tr.

233 4124 271 4202 (Ξ)
294 4122 566 4185 Herculanensium
580 4122 771 4184 voluminum
786 4141 855 4204 quae
869 4124 1044 4203 supersunt,
1060 4125 1083 4181 t.
1100 4120 1147 4190 ΙΙ,
1164 4118 1242 4190 Nea-

192 4221 271 4302 poli,
288 4223 384 4295 1809;
401 4225 424 4282 t.
440 4223 481 4295 X,
495 4221 640 4301 Neapoli,
655 4223 743 4283 1850.
776 4231 779 4235 “
