2886 4890
471 426 663 480 counlttonn
676 424 758 477 leun
775 424 963 478 LUCllE'llUll.
1163 457 1168 468 ·
1208 428 1237 477 17

192 553 310 637 Quem
328 528 452 618 locuin
471 571 514 618 ex
531 546 673 644 aliquot
686 544 912 617 ‘Parmenidis
932 543 1093 615 versibus
1112 544 1237 616 aSim·

192 672 302 773 plicio
324 672 473 744 servatis
497 696 704 771 expressum
727 696 803 743 esse
827 669 934 768 plane
953 670 1079 767 liquet.
1102 675 1239 770 Nempe

193 797 413 896 discipulum
428 812 553 869 monet
567 801 640 869 Dea
657 811 700 867 ut
716 794 763 868 ab
780 795 841 867 illa
859 793 1043 894 quaerendi
1062 795 1120 868 via
1137 820 1239 870 aver·

193 937 292 995 latur

554 1079 589 1154 ἣν
604 1079 635 1152 δὴ
654 1077 744 1161 βροτοὶ
758 1079 854 1149 εἰδότες
865 1078 939 1139 οὐδὲν

332 1180 477 1249 πλάζονται
493 1179 628 1258 δίκρανοι’
643 1177 781 1257 ἀμηχανίη
795 1176 847 1257 γὰρ
861 1179 887 1236 ἐν
902 1179 987 1238 αὐτῶν

337 1277 459 1352 στήθεσιν
477 1277 556 1338 ἰθύνει
566 1275 700 1353 πλαγκτὸν
721 1273 798 1349 νόον·
813 1278 837 1335 οἱ
852 1275 878 1335 δὲ
889 1280 1027 1358 φορεῢνται

335 1377 420 1460 κωφοὶ
434 1380 507 1456 ὁμῶς
520 1374 612 1456 τυφλοί
624 1398 663 1451 τε,
678 1372 830 1450 redundent,
846 1373 941 1456 ἄκριτα
955 1376 1023 1456 φῦλα
1040 1375 1088 1454 (l)

195 1547 297 1621 Unde
322 1561 452 1645 sponte
479 1545 566 1618 oriri
590 1544 735 1618 videtur
760 1545 960 1617 tristissima
985 1544 1100 1616 nostri
1124 1544 1241 1616 excla-

195 1672 306 1744 matio
326 1697 335 1741 ε

336 1848 362 1905 0
375 1845 492 1904 miseras
503 1844 650 1903 hominum
663 1853 810 1915 mentone
825 1853 936 1917 pectora
949 1861 1020 1903 eaeea
1035 1821 1086 1916 Ol!

194 2006 290 2096 Quid
306 2005 408 2104 quod
427 2023 463 2080 et
482 2006 543 2079 illa
560 2008 636 2107 ipsa
655 2009 738 2080 vitae
756 2008 813 2078 via
833 2032 943 2105 quam
961 2022 1161 2104 quaerentes
1180 2033 1243 2080 eos

195 2131 366 2223 ostendit,
383 2157 403 2203 e
422 2157 536 2229 graeco
552 2156 657 2203 versu
672 2132 735 2229 qui
751 2157 835 2202 mox
850 2133 1015 2229 sequitur
1026 2131 1073 2205 ad
1090 2130 1241 2204 verbum

195 2271 383 2329 mutuatus
402 2256 477 2326 est?

334 2434 447 2498 Πάντων
461 2433 490 2494 δὲ
503 2433 681 2515 παλίντραπός
697 2437 753 2495 ἐστι
767 2436 887 2501 κέλευθος
903 2438 956 2516 (3).

244 2602 385 2692 Quibus
410 2603 440 2674 si
465 2602 503 2674 id
528 2618 671 2675 tantum
690 2604 856 2701 adjecero
875 2603 936 2701 (ne
961 2604 1099 2675 multus
1124 2606 1160 2675 in
1186 2602 1245 2674 his

196 2728 381 2827 principiis
404 2727 541 2825 videar)
564 2731 601 2800 in
616 2730 687 2802 alio
704 2721 925 2801 Parmenidis
938 2729 1021 2800 loco
1040 2729 1245 2800 lucretium

196 2867 233 2924 et
258 2853 403 2925 illarum
428 2878 551 2925 rerum
577 2854 623 2926 de
649 2854 783 2952 quibus
807 2855 844 2925 in
871 2853 988 2926 media
1016 2853 1101 2925 libri
1126 2854 1246 2951 quinti

195 2993 298 3077 parte
307 2979 474 3051 tractavit
485 2980 583 3051 velut
593 2978 779 3078 quoddam
790 2993 1042 3076 argumentum
1055 2979 1245 3067 invenisse,

196 3128 312 3201 quum
336 3103 497 3175 audienti
525 3109 599 3175 Dea
631 3105 735 3195 solis,
769 3120 805 3176 et
832 3105 943 3190 lunae,
975 3118 1010 3175 et
1038 3118 1245 3175 ceterorum

195 3253 277 3326 quae
294 3228 331 3299 in
349 3227 442 3300 coelo
463 3230 547 3299 'sunt
565 3231 809 3326 cognitionem
829 3229 1045 3327 polliceatur
1062 3228 1134 3324 (4),
1161 3227 1245 3300 inde

195 3354 378 3425 neminem
403 3351 530 3425 latebit
555 3378 659 3443 eum,
687 3368 729 3425 ut
755 3351 1018 3452 Empedoclen,
1047 3352 1145 3449 quod
1169 3352 1246 3448 jam

196 3476 366 3551 omnibus
379 3476 554 3575 liquebat,
574 3477 625 3549 sie
636 3477 880 3571 Parmenideis
898 3474 1059 3548 fontibus
1078 3476 1247 3549 hortulos

197 3628 283 3676 suos
302 3602 513 3700 irrigavisse.

244 3807 287 3891 (l)
307 3805 480 3870 Parmenid.
498 3808 545 3886 αρ’.
560 3806 704 3870 Mullaeh.
722 3810 762 3870 46
776 3824 864 3888 seqq.

240 3906 279 3987 (Ξ)
301 3907 394 3967 Luer.
410 3907 445 3982 ll,
463 3908 500 3965 ll
517 3904 678 3982 (lethu).

242 4004 283 4084 (3)
303 4001 479 4064 Parmenid.
491 4019 543 4082 ap.
557 4002 701 4064 Mullach.
713 4005 763 4065 51.

241 4102 279 4182 (l)
301 4098 480 4163 Parmenid.
511 4118 562 4180 ap.
592 4100 739 4163 Mullach.
767 4101 912 4162 133-143.
942 4101 1030 4161 Luer.
1052 4098 1090 4176 V,
1116 4099 1248 4162 tto-'177

201 4197 367 4280 (Lachm.).

1090 4313 1108 4367 2
