2886 4890
486 429 677 482 GONDITIONE
694 431 776 482 tatto
793 431 982 483 tumnultu.
1228 435 1259 484 2³

211 554 314 653 cipiis
341 553 529 645 inductus,
564 578 608 625 eo
637 554 736 625 venit
759 570 801 624 ut
830 578 905 625 non
934 553 1045 626 modo
1073 555 1259 645 Lucretio,

211 677 381 769 Hesiodo,
399 683 558 767 Lucan0,
575 677 638 749 sed
652 692 688 749 et
700 677 848 773 Virgilio
862 677 975 777 (proh
989 678 1105 750 scelus
1115 676 1147 776 l)
1162 678 1263 776 quod

212 801 259 873 ad
286 805 461 898 Georgica
490 802 638 891 attinet,
672 818 789 900 poetae
819 826 953 874 nomen
988 802 1164 899 denegare
1196 828 1262 874 au-

213 926 296 999 deat
314 925 390 1024 tl)l
418 932 534 1015 Quem
557 952 604 998 ne
622 925 787 998 dubitem
805 928 894 1024 quin
914 927 1088 999 Henricus
1108 927 1260 1026 Stepha-

211 1076 280 1122 nus
298 1051 423 1147 legerit
440 1076 482 1122 ac
498 1051 609 1122 nimia
628 1050 842 1123 credulitate
859 1077 941 1149 quae
960 1052 998 1123 in
1020 1077 1063 1124 eo
1084 1053 1262 1124 inveniret

211 1159 401 1274 acceperit,
419 1191 571 1248 monent
585 1175 699 1247 multa
716 1201 797 1273 quae
812 1176 858 1248 de
874 1176 1072 1248 Aristotelis
1087 1176 1263 1249 sententia

211 1301 371 1391 disserit,
402 1301 531 1374 eodem
556 1325 679 1372 errore
705 1316 895 1399 corrupta,
925 1315 961 1372 et
988 1299 1113 1371 iisdem
1141 1300 1261 1372 verbis

213 1424 346 1521 quibus
364 1450 450 1496 usus
468 1439 522 1497 est
538 1439 662 1497 noster
679 1423 858 1523 descripta
876 1424 941 1522 (2).

260 1553 310 1620 Ac
326 1549 407 1622 vide
422 1564 601 1646 quantum
618 1574 655 1620 se
668 1548 877 1621 disseminet
891 1548 986 1621 mala
999 1573 1165 1621 errorum
1181 1574 1264 1647 pro·

213 1698 305 1770 pago
320 1674 349 1744 si
364 1674 474 1744 semel
489 1673 661 1761 emiseriS,
676 1697 786 1771 quam
798 1673 870 1744 late
884 1687 1017 1771 serpat,
1034 1698 1145 1771 quam
1159 1673 1263 1746 facile
1335 1746 1337 1748 ,

213 1797 270 1869 vel
296 1798 434 1896 optima
463 1812 572 1895 atque
597 1798 893 1870 excellentissima
921 1797 1063 1893 ingenia
1092 1813 1259 1896 occupet.

214 1928 349 2019 Nempe
379 1947 463 1993 cum
497 1921 660 2020 profiteri
692 1920 845 1993 audeam
875 1921 1059 1994 neminem
1091 1947 1167 1993 esse
1198 1921 1264 2019 qui

213 2046 370 2117 Bolaeum
389 2061 555 2118 nostrum
573 2046 716 2142 majori,
745 2071 856 2143 quam
876 2071 949 2144 qua
968 2060 1123 2142 egomet,
1146 2046 1260 2118 admi-

211 2170 351 2242 ratione
373 2185 409 2242 et
430 2169 534 2242 cultu
554 2187 810 2269 prosequatur,
838 2195 881 2242 ea
905 2184 1028 2241 tamen
1050 2185 1104 2243 est
1124 2170 1264 2242 critices
1377 2212 1379 2215 .

213 2311 343 2366 natura
357 2309 467 2393 atque
483 2283 623 2367 indoles
636 2309 677 2365 ut
691 2294 851 2392 neglecta
866 2295 1084 2367 auctoritate
1097 2320 1155 2367 res
1168 2296 1264 2393 ipsas

214 2420 404 2518 expendat,
426 2445 469 2491 ac
487 2444 568 2517 quae
586 2419 716 2490 viderit
735 2420 911 2491 enuntiet.
937 2425 976 2491 ln
996 2444 1070 2516 quo
1087 2444 1161 2491 non
1179 2420 1264 2491 satis

214 2544 384 2616 admirari
399 2569 549 2644 possum
564 2543 677 2642 quod,
699 2560 741 2614 ut
753 2543 829 2639 jam
846 2543 932 2634 dixi,
951 2543 1081 2615 divinis
1098 2544 1168 2615 illis
1182 2544 1261 2615 vtr-

213 2668 286 2764 gilii
298 2670 481 2765 Georgicis
491 2669 635 2740 nullum
646 2670 683 2739 in
695 2672 779 2740 Arte
793 2693 857 2739 sua
869 2669 992 2740 locum
1005 2668 1142 2740 fecerit.
1155 2668 1263 2758 Quod

212 2818 447 2891 nequaquam
458 2793 692 2889 intelligerem
705 2793 773 2864 nisi
785 2817 855 2890 pro
867 2808 968 2865 certo
977 2792 1150 2865 haberem
1165 2792 1264 2892 apud

214 2932 355 2988 tantum
372 2918 489 2989 virum
503 2917 630 2989 falsam
644 2943 738 3006 eam,
756 2943 867 3015 quam
880 2943 979 2990 nunc
993 2918 1260 3017 impugnamus,

213 3042 423 3139 opinionem
449 3042 532 3141 plus
556 3067 661 3139 aequo
689 3042 855 3115 valuisse.
887 3048 1106 3139 Quanquam
1128 3043 1262 3141 ipsein

213 3165 284 3237 alio
310 3191 421 3265 opere
440 3191 514 3257 non
536 3166 653 3238 multo
674 3182 757 3264 post
775 3166 1066 3264 praestantissima
1088 3190 1130 3237 ea
1152 3179 1263 3263 atque

213 3289 406 3361 clarissima
426 3290 525 3362 velut
550 3290 698 3362 oracula
721 3289 852 3380 edidit,
878 3289 1012 3360 scilicet
1036 3318 1053 3353 α
1075 3288 1167 3360 nihil
1187 3313 1264 3360 esse

213 3413 408 3511 pulchrum
428 3429 491 3486 aut
511 3414 713 3510 jucundum
736 3414 838 3511 quod
858 3439 933 3484 non
952 3427 989 3484 et
1007 3438 1135 3485 verum
1155 3412 1219 3502 sit,
1243 3444 1260 3479 »

254 3615 291 3696 (t)
320 3615 562 3677 «Nondebbano
574 3629 675 3676 essere
687 3612 901 3676 stimatihaver
913 3612 991 3675 fatto
1003 3613 1091 3690 bene,
1105 3612 1265 3693 eperdano

148 3741 155 3756 ·
213 3712 242 3774 la
266 3713 364 3792 gloria
384 3714 420 3775 e’l
439 3731 530 3777 nome
550 3713 583 3774 di
605 3718 708 3795 poeta,
735 3711 874 3774 havendo
898 3711 1005 3774 fallato
1025 3711 1058 3772 in
1078 3711 1219 3791 eleggere
1244 3711 1265 3771 il

212 3819 360 3891 soggetto.
422 3814 490 3874 Non
501 3829 577 3875 sono
588 3809 716 3872 ricevuti
726 3809 775 3872 nel
784 3828 915 3872 numero
926 3808 975 3872 de'
985 3808 1099 3890 poeti.»
1114 3812 1147 3872 P.
1157 3813 1208 3885 98,
1216 3813 1264 3872 99.

254 3914 297 3988 (9)
322 3911 388 3970 «Fa
400 3909 583 3990 (Aristotele)
600 3909 631 3969 in
647 3913 755 3988 questa
769 3906 978 3987 propositione
993 3905 1104 3985 spetial
1117 3906 1266 3969 memoria

212 4007 294 4069 della
312 4006 410 4069 favola
424 4014 469 4068 tra
487 4012 565 4068 tutte
588 4006 616 4067 le
628 4005 708 4085 parti
727 4004 757 4066 di
778 4005 942 4086 qualitadi
965 4004 1126 4086 poesia...
1150 4002 1264 4085 perche

192 4101 326 4201 entra
319 4119 349 4163 m
364 4108 441 4165 tutte
460 4103 489 4165 le
490 4102 618 4183 poesie,
636 4103 663 4164 le
678 4102 761 4184 quali
777 4120 866 4164 senza
881 4102 922 4164 lei
935 4119 997 4165 non
1012 4118 1145 4182 possono
1155 4100 1265 4162 havere

192 4166 348 4274 l’essere,
363 4197 432 4258 ede
447 4199 476 4259 la
492 4198 676 4277 principale,
688 4215 807 4261 ecome
822 4198 1016 4260 animodelta
1027 4201 1144 4276 poesia.
1156 4216 1171 4255 a
1189 4197 1221 4257 Ρ.
1232 4199 1262 4259 9.
