2886 4890
243 428 274 476 ta
542 425 583 476 DE
600 422 817 499 ennosorfltct
836 423 990 475 rutnans

242 545 471 618 contenderit
495 546 565 617 hos
592 571 730 636 versus,
766 560 807 616 ut
843 571 862 616 a
897 544 1082 617 Macrobio
1107 545 1145 614 in
1169 543 1292 641 primo

241 669 349 759 libro,
375 671 424 741 ita
451 697 472 742 a
501 671 618 742 Nonio
645 671 681 741 in
706 685 838 766 quarto
859 670 972 741 lectos
990 670 1112 758 fuisse,
1135 692 1293 764 eamque

241 794 483 880 iterationem,
506 796 536 866 si
557 771 673 892 poetae
695 794 933 867 adscribenda
953 795 1012 884 sit,
1033 793 1205 892 pauperis
1232 793 1290 863 in-

241 920 335 1015 genii
356 945 397 990 ac
422 920 558 991 nullius
578 920 706 1015 judicii
730 919 852 1010 fuisse,
884 945 1044 1017 quorum
1060 934 1234 990 neutrum
1253 919 1292 989 in

241 1045 450 1115 Lucretium
474 1044 584 1135 cadit,
613 1044 698 1116 inde
718 1045 853 1140 colligit
882 1044 1060 1143 poematis
1087 1043 1290 1132 editorem,

242 1194 358 1265 quum
383 1169 524 1239 nullum
553 1167 648 1239 libro
678 1185 810 1266 quarto
837 1170 1098 1268 prooemiuma
1125 1169 1293 1239 Lucretio

242 1295 417 1392 scriptum
441 1292 607 1383 haberet,
632 1295 753 1365 locum
778 1295 1113 1391 praestantissimum
1132 1318 1152 1364 e
1170 1294 1292 1391 primo

240 1416 335 1490 libro
352 1418 389 1489 in
403 1417 503 1489 hunc
522 1443 629 1489 usum
643 1419 841 1515 repetiisse.
861 1418 983 1508 Quod,
1002 1418 1101 1490 docti
1119 1417 1187 1488 viri
1202 1442 1293 1516 pace

241 1543 406 1632 dixerim,
429 1523 552 1613 credat
570 1544 712 1614 Judaeus
732 1543 875 1639 Apella,
897 1570 969 1614 non
988 1569 1064 1642 ego,
1084 1549 1174 1615 Nam
1193 1541 1292 1614 unde

224 1643 300 1739 'isti
324 1667 455 1740 editori
480 1693 522 1740 ea
551 1668 672 1739 venire
701 1669 863 1766 potuerit
893 1668 1045 1739 audacia
1070 1682 1111 1738 ut
1141 1692 1209 1766 pro
1227 1693 1292 1738 sua

239 1792 389 1864 libidine
400 1807 500 1864 tanta
514 1807 771 1882 commutaret,
783 1817 825 1863 ea
838 1792 1003 1882 stultitia,
1018 1806 1060 1862 ut
1074 1817 1155 1889 quae
1169 1817 1293 1863 emen-

240 1917 327 1988 dare
352 1917 460 1988 vellet
486 1915 644 1989 absurda
664 1917 808 1988 vitiaret
834 1917 1073 2015 repetitione?
1099 1922 1176 1988 Hoc
1202 1943 1288 2015 pro-

240 2041 335 2113 fecto
361 2067 436 2113 non
458 2043 495 2112 in
515 2042 697 2113 Poliniaco
717 2068 783 2113 suo
803 2042 944 2113 lecisset
965 2041 1192 2132 Rothelinus,
1228 2044 1294 2139 qui

240 2167 348 2237 amici
375 2175 518 2263 sparsa‘s
543 2191 586 2237 ac
612 2166 777 2238 confusas
809 2164 959 2237 schedas
989 2167 1026 2236 in
1057 2165 1154 2237 hunc
1180 2191 1292 2263 quem

241 2288 421 2360 habemus
439 2288 604 2361 ordinem
621 2288 822 2388 disposuit,
844 2288 979 2360 nedum
999 2290 1144 2360 credam
1163 2290 1199 2360 in
1220 2295 1292 2361 Lu·

240 2415 354 2485 cretio
365 2414 489 2485 fecisse
500 2414 725 2500 Ciceronem,
736 2415 911 2501 Quintum
920 2413 1016 2504 dico,
1028 2440 1103 2485 non
1113 2420 1290 2503 Marcum,

240 2564 324 2610 narn
345 2540 395 2609 sic
415 2539 624 2634 Hieronymi
647 2539 895 2609 testimonium
915 2540 1016 2637 prius
1034 2540 1293 2637 interpretatus

240 2679 294 2736 est
312 2662 578 2752 Lachmannus,
603 2689 712 2761 quem
733 2663 856 2762 plures
875 2664 960 2735 inde
981 2665 1095 2735 secuti
1118 2679 1203 2735 sunt
1223 2668 1275 2760 (l)

240 2787 304 2860 sed
322 2789 359 2859 in
376 2788 504 2859 studiis
521 2788 686 2886 poeticis,
706 2813 781 2860 non
802 2789 922 2860 minus
937 2813 1049 2885 quam
1068 2788 1180 2860 frater
1198 2805 1288 2876 erat,

241 2913 538 2985 versatissimum.

290 3043 362 3110 Cur
381 3028 503 3109 autern
519 3038 556 3108 in
575 3051 706 3107 retain
725 3036 821 3107 facili
845 3036 936 3108 adeo
952 3036 1096 3109 laborat
1116 3037 1172 3110 vir
1189 3062 1290 3132 saga-

240 3163 404 3234 cissimus
425 3187 467 3233 ac
486 3160 740 3233 doctissimus?
757 3166 848 3232 Cum
864 3162 940 3258 ipse
956 3161 1113 3232 fateatur
1129 3186 1191 3233 eos
1208 3187 1291 3249 ver-

240 3312 301 3358 sus
330 3285 377 3357 ab
404 3302 563 3383 utroque
591 3285 674 3357 loco
696 3310 770 3357 non
802 3285 938 3356 alienos
963 3309 1052 3375 esse,
1082 3285 1289 3357 Lucretium

240 3428 362 3483 autem
384 3437 478 3511 opus
493 3437 600 3483 suum
615 3436 690 3483 non
707 3409 920 3498 absolvisse,
942 3411 1006 3508 qui
1024 3409 1066 3481 fit
1081 3426 1123 3482 ut
1142 3436 1218 3483 non
1237 3412 1286 3483 vi-

241 3535 324 3608 deat
341 3536 442 3634 quod
460 3537 497 3607 in
517 3536 657 3629 oculos,
682 3550 724 3606 ut
745 3536 795 3606 ita
809 3534 940 3623 dicam,
961 3536 1134 3628 incurrit,
1156 3536 1293 3608 scilicet

240 3675 386 3759 poetam
406 3661 526 3759 ipsum
548 3685 665 3757 quum
683 3660 949 3759 pulcherrimos
972 3687 1097 3733 versus
1114 3662 1151 3733 in
1171 3663 1292 3761 primo

241 3785 335 3856 libro
358 3786 568 3882 scripsisset,
597 3800 633 3857 et
656 3801 783 3883 postea
802 3787 1023 3885 prooemium
1045 3786 1140 3859 libro
1159 3803 1292 3884 quarto

282 3989 322 4071 (l)
344 3989 420 4051 Vide
433 3990 608 4068 elegantem
622 3990 915 4053 commentationem
929 3991 1084 4072 Rudolphi
1098 3992 1290 4067 Bouterwek,

242 4087 430 4148 Lucretiona
454 4093 632 4168 questiones
657 4092 863 4167 qrammuticae
886 4098 914 4149 et
939 4093 1055 4151 critica.
1085 4090 1170 4152 Halis
1199 4091 1293 4154 Saxo-

249 4204 340 4259 num,
355 4188 450 4262 1861,
466 4205 495 4266 p.
510 4189 538 4247 3.
