2886 4890
194 459 209 505 8
496 454 536 506 DE
553 455 770 509 PillLOSOPHlCl
787 453 944 506 rotulus

194 576 278 649 culo
295 576 339 647 de
359 579 505 650 Portica
527 577 584 647 vix
610 593 727 674 poetae
754 601 888 650 nomen
914 572 1124 672 Empedocli
1154 597 1242 643 con·

192 700 299 772 cedat
321 699 387 797 (1).
413 700 530 790 Unde,
556 703 594 772 ni
618 701 891 793 fallor,Bolae11s
914 714 1051 787 noster,
1079 710 1244 769 veterum

193 825 477 898 studiosissimus
496 826 670 915 imitator,
694 827 730 897 in
748 824 917 898 uberiore
934 848 977 894 ac
997 823 1129 894 rectius
1145 821 1244 893 ordi-

192 965 279 1022 nata
291 967 504 1049 poematum
516 953 803 1039 enumeratione,
818 949 864 1022 de
879 950 980 1049 poesi
991 947 1245 1048 philosophica

193 1074 344 1146 omnino
369 1090 480 1164 tacet,
502 1075 552 1146 ita
578 1090 620 1147 ut
639 1100 714 1146 non
732 1073 988 1173 Empedoclem
1004 1086 1161 1161 tantum,
1182 1068 1246 1141 sed
1334 1081 1339 1092 '

193 1215 230 1271 et
248 1199 456 1272 Lucretium
474 1200 583 1299 plane
602 1201 769 1296 ignorare
784 1199 963 1271 videatur.

241 1330 326 1397 Esse
342 1316 465 1396 tamen
494 1325 654 1423 aliquam
670 1323 917 1424 philosophici
940 1320 1119 1422 poematis
1137 1329 1244 1391 natu-

193 1464 286 1540 ram,
311 1474 523 1547 quanquam
551 1451 685 1521 summi
713 1451 781 1522 viri
811 1474 891 1521 eam
921 1472 941 1518 e
970 1446 1089 1546 poesis
1111 1441 1246 1515 linibus

192 1574 293 1648 velut
326 1575 487 1646 exsulare
511 1575 703 1671 jusserint,
736 1579 818 1672 quis
845 1597 943 1644 nunc
968 1571 1098 1669 neget?
1121 1575 1245 1658 Quum

192 1714 332 1773 veteres
348 1702 535 1797 θεωρητικῶς
551 1702 780 1800 potissimum
802 1698 1019 1799 quaestiones
1032 1693 1246 1791 hujusmodi

192 1821 365 1916 habeant,
386 1849 454 1897 nos
470 1830 637 1923 ἱστορικῶς,
653 1825 705 1897 nil
724 1829 858 1896 mirum
882 1825 911 1894 si
931 1822 976 1894 de
996 1819 1119 1892 multis
1135 1817 1246 1890 rebus

124 2004 128 2013 .
194 1949 298 2022 aliter
316 1964 426 2048 atque
442 1951 510 2049 ipsi
523 1950 729 2023 docuerunt
748 1948 968 2046 judicamus.
994 1946 1049 2017 llli
1063 1943 1154 2043 quid
1169 1968 1245 2015 esse

193 2076 307 2173 possit
330 2090 393 2147 aut
412 2074 556 2168 debeat,
582 2077 689 2148 certis
708 2074 895 2174 principiis
917 2072 1070 2162 inducti,
1092 2094 1187 2168 quae,
1204 2083 1246 2141 ut

194 2225 281 2272 vera
297 2201 388 2291 sint,
414 2199 507 2274 forte
524 2201 728 2299 angustiora
750 2199 881 2271 merito
899 2197 1107 2287 videantur,
1124 2194 1245 2292 inqui-

196 2323 338 2416 rebant,
361 2350 428 2396 nos
442 2325 533 2425 quid
547 2326 593 2398 sit
608 2340 719 2425 atque
732 2324 851 2397 fuerit.
869 2322 972 2394 Unde
990 2335 1087 2393 recte
1101 2319 1247 2392 conclu·

196 2447 309 2540 ditur,
321 2464 363 2521 ut
371 2465 455 2548 post
468 2455 668 2522 Homerum
677 2449 821 2549 epicum
835 2473 995 2538 carmen,
1006 2460 1091 2545 post
1099 2443 1248 2543 AEschy·

196 2572 275 2646 lum
299 2573 593 2673 Sophoclemque
620 2576 851 2673 tragoediam,
878 2575 928 2646 sic
956 2586 1093 2672 etpost
1114 2575 1246 2642 Lucre·

197 2698 290 2770 tium
317 2724 450 2798 poema
473 2700 791 2800 philosophicum,
820 2700 905 2772 licet
928 2701 1049 2771 minus
1076 2694 1247 2771 omnibus

197 2825 359 2896 numeris
378 2823 602 2918 absolutum,
620 2841 657 2900 et
678 2851 754 2898 esse
775 2840 811 2897 et
823 2823 963 2897 haberi.
983 2829 1034 2896 Ex
1053 2823 1166 2895 altera
1180 2846 1246 2892 au·

197 2962 272 3020 tem
286 2949 343 3020 via
354 2975 550 3048 possumus
562 2952 599 3023 in
613 2952 765 3024 alteram
777 2974 903 3024 rursus
914 2948 1066 3045 ingredi,
1085 2970 1248 3046 quaerere

197 3073 365 3146 videlicet
375 3072 482 3173 quale
492 3078 551 3164 sit,
564 3079 706 3149 ratione
713 3076 847 3173 judice,
861 3075 933 3147 hoc
943 3075 1112 3147 carminis
1123 3098 1248 3171 genus,

196 3198 332 3297 quibus
344 3199 482 3297 legibus
494 3227 622 3301 parere
634 3201 778 3292 debeat,
795 3198 930 3299 quibus
944 3198 1139 3272 virtutibus
1156 3224 1248 3272 verae

198 3325 300 3423 poesi
325 3349 402 3398 sese
423 3326 599 3419 ascribat,
620 3325 755 3425 quibus
777 3309 873 3398 vitiis
890 3324 938 3398 ab
960 3350 1002 3398 ea
1020 3325 1245 3397 excludatur.

245 3557 286 3640 (l)
301 3560 387 3622 Οὐδὲν
400 3559 427 3622 δὲ
442 3562 528 3624 κοινόν
543 3567 614 3626 ἐστιν
629 3563 745 3646 Ὁμήρῳ
758 3562 804 3623 καὶ
819 3562 998 3641 Ἐμπεδοκλεῖ
1009 3559 1078 3636 πλὴν
1091 3559 1121 3622 τὸ
1133 3561 1247 3644 μέτρον·

200 3656 240 3718 διὸ
255 3657 300 3719 τὸν
320 3657 368 3738 μὲν
387 3660 502 3735 ποιηπλν
516 3662 616 3722 δίκαιον
630 3665 730 3738 καλεῖν,
747 3662 792 3723 τὸν
807 3660 834 3721 δὲ
851 3658 1006 3745 φυσιολόγον
1021 3663 1121 3740 μᾶλλον
1139 3659 1249 3735 ἢποιη·

199 3753 257 3828 τήν.
272 3760 358 3819 Poet.
375 3760 405 3820 l.
422 3760 457 3820 In
472 3759 534 3821 alio
547 3765 650 3822 autem
666 3778 704 3823 ac
715 3759 849 3823 maxime
865 3756 1069 3821 desiderando
1083 3756 1152 3839 Περὶ
1163 3760 1249 3830 Ποιη-

198 3855 252 3912 τῶν
265 3853 355 3932 libro,
371 3863 449 3919 teste
468 3857 617 3938 Diogene,
635 3857 727 3938 longe
743 3858 803 3921 alia
816 3856 1001 3939 scripserat:
1014 3855 1079 3917 Ὀτι
1092 3856 1138 3914 καὶ
1153 3859 1249 3939 tutat·

199 3949 272 4018 κὸςό
288 3949 490 4033 Ἐμπεδοκλῆς,
505 3956 551 4015 καὶ
566 3955 649 4024 δεινὸς
664 3957 725 4038 περὶ
739 3955 786 4031 τὴν
802 3954 896 4038 φράσιν
909 3955 1009 4034 γέγονε,
1026 3954 1201 4036 μεταφορικός
1220 3976 1249 4013 τε

199 4043 247 4120 ὢν,
258 4046 304 4106 καλ
317 4057 371 4116 τοῖς
379 4049 469 4118 ἄλλοις
482 4053 544 4136 περὶ
559 4053 699 4130 ποιητικὴν
711 4053 884 4132 ἐπιτεύγμασι
896 4051 1039 4134 χρώμενος·
1049 4051 1135 4130 DlOss·
1147 4051 1247 4113 Laert-

134 4156 136 4161 ’
199 4146 276 4222 ἯΠ,
290 4149 342 4210 57.
356 4147 399 4210 De
414 4169 473 4231 qua
480 4151 589 4232 judicii
603 4151 817 4231 inconstantia,
832 4152 857 4214 si
871 4150 962 4214 ambo
975 4149 1038 4214 loci
1047 4166 1118 4212 vere
1131 4149 1248 4213 Aristo·

199 4242 269 4305 talis
281 4248 362 4320 sunt,
381 4246 431 4308 alii
443 4247 581 4315 viderint.
