2886 4890
475 445 667 496 CONDITIONE
684 447 766 497 APUD
784 447 973 499 LUCRETIUM.
1221 451 1250 499 ‘21

249 577 366 660 Quam
392 571 540 669 quidem
564 572 777 642 sententiam
801 572 911 671 paulo
936 573 1122 645 duriorem
1142 588 1253 672 atque

200 695 422 769 acerbiorem
440 697 477 767 in
492 696 607 767 oculis
622 695 792 768 babuisse
811 697 1027 769 Plutarchus
1044 697 1135 769 mihi
1151 697 1250 770 vide-

200 838 261 895 tur
280 823 316 893 in
335 821 429 892 libro
451 846 526 919 quo
550 808 597 892 de
618 821 717 892 vario
736 837 949 919 poematum
967 849 1036 894 usu
1055 822 1196 895 disserit
1217 838 1253 895 et

200 946 388 1046 quomodo
404 946 529 1043 juveni
548 971 590 1017 ea
609 946 679 1016 sint
698 943 876 1017 audienda
891 947 1016 1038 docet3
1039 972 1171 1046 nempe
1188 952 1252 1045 qui

201 1087 395 1171 postquam
407 1069 573 1143 absolute
585 1069 714 1141 dixerit
728 1100 745 1134 ιι
761 1070 900 1142 nullam
913 1097 950 1143 se
959 1074 1101 1144 novisse
1110 1073 1251 1172 poesim

199 1197 267 1268 nisi
280 1222 364 1268 cum
376 1195 470 1267 fictis
482 1209 517 1266 et
529 1196 787 1266 commentitiis
799 1194 943 1285 fabulis,
961 1227 978 1263 »
994 1196 1251 1296 Empedoclem

199 1346 281 1393 cum
303 1320 527 1410 Parmenide‚
549 1333 586 1392 et
605 1319 797 1412 Nicandro,
818 1334 854 1392 et
869 1321 1087 1417 Theognide‚
1106 1321 1249 1419 jungat,

199 1471 358 1545 quorum
371 1446 696 1517 commentationes
713 1473 731 1510 ι
749 1446 885 1544 apoesi
896 1446 1108 1542 gravitatem
1123 1471 1252 1544 quam·

198 1571 283 1643 dam
311 1585 347 1643 et
375 1571 595 1643 astrictiores
617 1595 791 1643 numeros
813 1585 988 1643 mutuatae
1016 1586 1120 1661 sunt,
1153 1576 1253 1644 velut

197 1695 350 1768 rhedam
368 1710 432 1767 aut
450 1694 673 1786 vehiculum,
693 1720 740 1767 ne
756 1695 941 1795 pedestres
960 1695 1130 1768 incedant
1144 1697 1208 1795 (1).
1231 1728 1248 1764 ιι

198 1822 286 1893 lnde
311 1818 501 1919 probabile
526 1835 580 1892 est
605 1844 686 1892 eam
709 1819 914 1892 doctrinam
940 1821 985 1892 ad
1011 1836 1157 1893 nostros
1180 1821 1250 1893 ho·

198 1946 312 2019 mines
336 1944 562 2045 perfluxisse,
594 1944 658 2042 qui
683 1970 763 2017 eam
787 1945 993 2018 adstrictius
1012 1962 1249 2046 acceperunt,

197 2072 334 2144 nedum
356 2069 513 2142 molliori
534 2070 832 2168 interpretatione
852 2071 1017 2168 paulum,
1044 2086 1084 2142 ut
1103 2096 1250 2170 aequum

197 2211 286 2287 erat,
298 2195 539 2282 inflecterent3
554 2219 596 2266 ac
605 2219 651 2266 ne
662 2195 738 2266 sine
748 2194 932 2267 erroribus
943 2195 1105 2293 quidem,
1118 2221 1204 2268 nam
1214 2212 1250 2269 et

196 2320 295 2420 apud
313 2320 551 2392 clarissimum
576 2320 693 2390 virum
718 2335 754 2392 et
777 2320 1027 2392 doctissimum
1052 2324 1249 2394 Henricum

195 2446 421 2546 Stephanum
437 2443 543 2517 video
558 2443 785 2517 Aristotelem
802 2444 848 2517 de
866 2443 998 2516 fabulis
1015 2445 1146 2518 dixisse
1164 2472 1251 2520 «eas

195 2597 271 2644 esse
293 2595 447 2669 poeseos
470 2569 532 2664 (sic
555 2567 734 2641 scribebat
759 2569 815 2641 vir
838 2568 1143 2666 diligentissimus)
1171 2573 1249 2644 ani·

196 2721 293 2768 mam
314 2726 331 2762 ι
357 2694 429 2790 (2),
461 2693 561 2791 quod
593 2693 693 2792 apud
720 2695 923 2789 Stagiritam
948 2695 1082 2767 frustra
1108 2721 1245 2793 quaero.

195 2827 272 2893 Hoc
293 2833 436 2892 tantum
451 2819 489 2890 in
506 2819 650 2890 Poetica
665 2819 823 2909 invenio,
842 2819 1063 2917 principium
1080 2845 1155 2893 esse
1173 2839 1248 2892 tra-

190 2944 318 3046 goedt'ae
341 2959 378 3017 et
390 2944 491 3016 velut
504 2944 663 3015 animam
681 2948 732 3014 τὸν
751 2947 839 3040 μῦθον
856 2943 923 3041 (3),
945 2944 1091 3034 scilicet,
1113 2961 1154 3017 ut
1172 2947 1249 3046 ipse

194 3069 436 3170 philosophus
463 3067 761 3140 antecedentibus
791 3093 834 3140 ac
865 3068 1101 3166 sequentibus
1129 3068 1249 3142 verbis

195 3193 409 3282 sententiam
430 3193 563 3291 aperit,
591 3206 845 3288 argumentum
870 3218 934 3266 seu
959 3218 1037 3266 rem
1056 3195 1103 3266 ad
1124 3209 1247 3266 actum

236 3452 276 3533 (l)
298 3451 413 3514 Forsan
435 3448 565 3512 lectores
581 3447 702 3528 juvabit
723 3449 789 3531 ipsa
809 3467 912 3528 graeca
930 3448 1068 3513 habere:
1089 3451 1149 3512 Οὐκ
1168 3450 1248 3532 ἴσμεν

194 3549 222 3610 δδ
245 3548 345 3628 ἄμυθον
369 3543 426 3606 οὐδὲ
450 3546 550 3628 ἀψευδῆ
567 3545 683 3618 ποίησιν.
701 3546 746 3607 Τὰ
770 3548 791 3603 δ’
807 3545 1023 3625 Ἐμπεδοκλέους
1044 3545 1094 3620 ἔπη
1110 3547 1154 3608 καὶ
1169 3551 1249 3631 Παρ-

194 3647 311 3726 μενίδου,
323 3645 367 3704 καὶ
379 3640 506 3724 θηριακδι
518 3641 677 3722 Νικάνδρου,
690 3640 737 3701 καὶ
748 3641 933 3722 Γνωμολογίαι
945 3643 1098 3724 Θεόγνιδος,
1110 3642 1184 3724 λόγοι
1196 3645 1248 3706 εἰσὶ

192 3743 353 3826 κεχρημένοι
366 3741 438 3824 παρδι
453 3746 502 3827 πῆς
513 3744 664 3814 ποιητικῆς,
677 3738 766 3823 ὥσπερ
777 3739 881 3822 ὄχημα,
891 3739 934 3800 τὸν
947 3740 1023 3820 ὄγκον
1037 3737 1083 3801 καὶ
1097 3740 1126 3802 τὸ
1138 3740 1246 3824 μέτρον,

191 3841 235 3902 ἵνα
249 3841 279 3903 τὸ
296 3840 376 3912 πεζὸν,
388 3839 559 3922 διαφύγωσιν.
577 3837 731 3901 Plutarch.
745 3839 791 3900 De
804 3839 1096 3926 Audiendl'stpoetts,
1110 3843 1139 3901 2.

233 3938 272 4020 (δ)
297 3936 446 4001 Henricus
461 3935 641 4018 Stephanus.
653 3936 792 3998 Parodiae
803 3937 931 3999 morales
947 3935 1070 4018 (1575),
1094 3937 1248 4018 praelatio·

192 4039 240 4102 nis
253 4037 368 4119 pagina
380 4035 526 4110 secunda,
541 4053 611 4115 qnae
623 4050 765 4113 numero,
781 4040 815 4096 ut
828 4040 901 4096 tunc
916 4033 1011 4095 moris
1027 4032 1095 4112 fuit,
1111 4039 1205 4097 caret.

202 4130 222 4175 ὓ
239 4137 279 4220 (3)
302 4131 388 4215 Ἀρχὴ
408 4132 456 4212 μὲν
474 4122 519 4192 οὖν
543 4134 588 4191 καὶ
604 4122 657 4194 οἶον
675 4131 748 4216 ψυχὴ
762 4135 777 4193 ὁ
791 4137 871 4212 μῦθος
886 4135 933 4204 τῆς
949 4133 1112 4214 τραγῳδίας,
1127 4128 1245 4216 δεύτερον

198 4235 225 4296 e
241 4233 276 4296 ιδ
288 4231 350 4306 ἤδη.
364 4229 491 4295 Aristot.
507 4233 590 4294 Poet.
606 4231 637 4291 6.
