2886 4890
460 436 651 488 GONDITIONE
669 436 751 488 APUD
768 437 958 490 tucamtuu.
987 467 990 474 -
1202 442 1234 490 35

184 557 389 629 doctrinam
404 557 568 631 deseram
584 559 736 646 videtur,
752 575 788 632 et
801 560 901 632 velut
918 563 1050 632 inscius
1066 562 1103 632 in
1119 561 1234 632 aliena

186 698 301 755 castra
314 685 488 755 transire?
500 689 579 755 Non
593 684 726 781 loquor
737 684 783 756 de
797 685 865 757 diis
875 685 1010 783 quibus
1023 686 1059 756 in
1075 686 1234 757 carmihe

185 832 253 878 suo
270 806 394 878 locum
409 808 508 896 facit,
532 806 577 878 de
595 813 753 900 Venere,
772 809 818 881 de
833 810 1007 909 Calliope,
1027 835 1118 908 quas
1130 810 1234 880 invo-

185 947 256 1017 cat,
273 930 318 1004 de
339 932 462 1023 Musis,
480 958 638 1029 quarum
656 935 757 1005 suavi
771 958 896 1006 amore
913 960 950 1006 se
968 950 1117 1035 captum
1130 934 1232 1024 dicit,

184 1057 229 1129 de
244 1057 423 1157 Zephyro,
441 1058 535 1129 veris
554 1061 772 1157 praenunti0,
792 1059 838 1138 de
852 1061 957 1132 Flora
976 1086 1058 1158 quae

291 1250 395 1314 Cuncta
407 1248 547 1307 coloribus
560 1251 677 1323 egregiis
692 1258 719 1308 et
731 1250 863 1308 odoribus
877 1251 970 1324 opplet
983 1237 1036 1324 (i);

185 1454 270 1501 cum
284 1429 517 1501 manifestum
533 1429 578 1501 sit
597 1454 656 1501 eas
672 1444 816 1501 tantum
834 1428 967 1526 figuras
992 1454 1068 1501 esse
1085 1428 1232 1526 quibua,

185 1569 377 1652 poetarum
394 1580 508 1641 more,
530 1555 645 1626 utitur
658 1570 794 1643 noster,
811 1553 947 1653 leporis
961 1579 1003 1626 ac
1018 1553 1236 1627 delectatio-

184 1680 241 1750 ni's
260 1705 380 1766 causa,
412 1706 458 1751 nc
488 1706 594 1751 suum
621 1705 767 1752 carmen
794 1679 857 1750 illo
880 1678 1087 1751 fabularum
1104 1679 1235 1785 decore

143 1862 148 1876 .
185 1793 336 1874 omnino
352 1828 473 1875 carere
484 1805 657 1901 patiatur.
675 1803 745 1875 Sed
759 1804 789 1874 si
807 1802 854 1874 ad
873 1803 963 1874 seria
979 1805 1092 1899 magis
1106 1820 1142 1875 et
1161 1829 1234 1900 gra·

149 1912 154 1926 ’
185 1929 284 1999 viora
297 1954 364 2001 nos
383 1930 647 2021 convertimus,
661 1953 703 1999 ea
725 1943 856 1999 natura
878 1931 1047 2018 creatrix,
1064 1944 1100 2000 et
1108 1929 1236 2027 guber·

185 2081 278 2124 trans
300 2055 377 2152 (2),
403 2055 449 2127 dc
470 2081 543 2153 qua
562 2071 637 2126 tam
654 2055 946 2154 saepepraedicat,
961 2054 1117 2152 quidest
1136 2055 1235 2127 aliud

185 2205 296 2278 quam
309 2180 420 2253 deus
411 2206 486 2279 ipse
510 2181 722 2252 stoicorum
716 2181 824 2267 Qua
836 2180 906 2251 aha
923 2205 961 2252 re
976 2179 1022 2250 ab
1034 2205 1083 2255 eo
1103 2180 1233 2284 diptat,
1245 2205 1248 2209 ·
1306 2211 1309 2218 ·

184 2304 254 2375 nisi
243 2304 446 2376 nomine?
461 2304 603 2375 Etenim
618 2328 683 2401 qm
672 2303 862 2374 divinam
885 2299 1178 2402 providentiam,
1195 2319 1236 2376 ut

183 2427 440 2528 philosophus,
451 2428 619 2500 emundo
636 2427 807 2526 pellebat,
821 2454 956 2515 nonne,
971 2443 1010 2499 ut
1025 2428 1234 2526 poeta,jam
1279 2430 1282 2436 ’

76 2594 79 2599 ,
183 2553 343 2642 reducit,
365 2579 481 2651 quum
507 2551 665 2624 ostendit
684 2567 818 2623 terram
852 2569 1004 2622 (tratrem
1033 2577 1091 2623 res
1110 2576 1236 2625 omnes

96 2721 102 2727 ·
184 2677 313 2751 ordine
330 2703 372 2750 ac
389 2675 488 2749 velut
504 2677 655 2749 consilio
668 2675 855 2769 edentem,
874 2676 994 2774 primo
1018 2701 1131 2774 genus
1149 2675 1233 2748 her-

182 2803 327 2895 barum,
344 2803 491 2895 florum,
511 2801 704 2892 arborum,

289 2997 329 3054 Ut
341 2996 436 3070 pluma
447 3002 529 3069 atque
540 2995 586 3068 pili
598 2995 717 3068 primum
732 3003 852 3068 setaque
865 3003 994 3052 creantur

289 3084 506 3160 Quadrupedum
521 3084 551 3141 in
563 3084 696 3141 memhris
707 3092 734 3141 et
747 3100 863 3157 corpore
878 3085 1107 3164 pennipotentum
1119 3088 1173 3154 (3);

185 3288 269 3337 mox
286 3265 404 3337 varias
431 3264 616 3355 volucres,
647 3278 684 3335 et
703 3263 772 3334 alia
792 3263 991 3335 animantia
1020 3260 1169 3361 quibus,
1196 3272 1237 3331 ut

186 3406 338 3463 matrem
352 3389 517 3482 decebat,
532 3388 657 3460 cibum
675 3404 803 3488 sponte
816 3388 973 3491 praebuit
986 3387 1063 3484 (4)?

233 3516 335 3588 Unde
354 3518 515 3615 optime,
545 3528 587 3586 ut
612 3515 764 3613 opinor,
793 3529 916 3586 noster
938 3512 1142 3583 Poliniacus
1170 3510 1234 3609 qui

67 3656 71 3663 “
184 3642 299 3713 multa
313 3657 404 3734 arte,
421 3641 538 3713 multo
557 3638 682 3712 labore
699 3641 908 3712 Lucretium
932 3638 1094 3709 imitatus
1119 3651 1173 3708 est
1194 3650 1236 3706 ut

111 3469 150 3515 4

225 3931 266 4011 (i)
287 3932 418 4006 Lucret,
436 3930 475 4005 V,
488 3929 548 3990 '1er
565 3925 724 4008 (Lachm.).

224 4027 265 4110 (2)
288 4030 418 4105 Lucret,
434 4029 463 4099 1,
478 4030 552 4102 63θ;
569 4029 610 4102 ΙΙ,
627 4027 720 4100 11163
738 4024 776 4098 V,
791 4024 830 4085 78
839 4070 850 4101 ,
867 4025 945 4086 1366
963 4022 1122 4103 (ιιιοιιιιιι).

229 4124 270 4208 (3)
291 4129 426 4201 Locren,
442 4127 480 4204 V,
494 4127 554 4187 '188
570 4123 728 4203 (Lachne).
836 4146 839 4150 ’

226 4225 266 4305 (lt)
287 4227 425 4301 Locren,
443 4225 480 4301 V,
497 4226 568 4286 816.
583 4221 667 4284 Gonf.
682 4220 727 4298 u,
742 4223 801 4284 996
816 4218 971 4321 (Ιιιοιιιιιι).
