2886 4890
437 413 626 468 commone
643 414 726 466 trun
742 413 932 468 tucaunutt.
1174 417 1207 467 68

158 535 314 635 plurima
334 535 429 607 mala
447 536 580 632 gignat,
604 534 650 606 de
670 560 711 607 ea
731 534 845 606 fusius
864 535 1094 606 tractandum
1113 550 1204 607 erat.

157 666 236 732 Jam
250 661 346 734 notis
359 659 524 760 partibus
543 658 683 749 mundi,
694 659 740 731 ad
751 683 932 731 summam
944 661 1073 732 transit
1085 676 1206 760 poeta,

157 801 194 858 et
215 810 257 858 ea
280 811 404 858 rerum
434 784 647 857 universitas
681 784 869 882 quomodo
897 800 977 857 orta
1005 788 1051 857 sit
1082 786 1204 873 docet,

157 911 346 1008 quomodo
373 910 580 1000 interitura3
609 933 685 980 non
706 925 882 981 aeternum
903 935 980 982 esse
1009 911 1202 1000 mundum,

156 1037 276 1134 primo
294 1037 428 1108 coelum
454 1061 496 1107 ac
520 1050 668 1126 terram,
693 1034 776 1106 dein
800 1035 969 1107 animalia
987 1037 1204 1127 informata,

157 1186 265 1232 suum
275 1176 398 1233 ortum
408 1158 578 1232 habuisse
587 1159 788 1231 humanam
801 1161 914 1233 vitam
925 1185 968 1232 ac
980 1161 1203 1251 societatem,

155 1286 407 1386 paulatimque
425 1287 581 1358 inventis
599 1283 737 1357 artibus
753 1285 800 1358 ad
817 1312 903 1359 eum
920 1312 1031 1385 quem
1048 1287 1207 1360 vidimus

157 1426 292 1483 statum
307 1412 526 1510 pervenisse.
543 1416 730 1483 Postremo
745 1435 861 1508 quum
876 1411 919 1482 iis
931 1410 1099 1484 homines
1110 1436 1204 1511 prae-

156 1537 263 1635 cipue
275 1550 480 1608 terreantur
494 1559 577 1632 quae
586 1534 624 1605 in
636 1534 731 1607 coelo
743 1533 849 1622 liunt,
862 1549 1095 1633 tempestates
1105 1536 1202 1626 dico,

155 1685 199 1732 ac
220 1659 376 1756 fulgura,
398 1659 541 1757 aliaque
561 1673 723 1754 meteora
749 1685 910 1757 quorum
940 1661 1033 1733 ratio
1059 1686 1134 1733 non
1167 1662 1203 1733 in

156 1798 332 1884 promptu
350 1797 418 1874 est,
452 1783 514 1855 illa
542 1783 690 1882 exponit
722 1784 965 1883 explicatque,
996 1785 1054 1857 vel
1076 1785 1204 1858 saltem

156 1911 333 2010 explicare
355 1925 489 2001 teutat;
516 1910 612 1983 inter
632 1936 714 2008 quae
734 1911 938 2009 pestilentia
962 1912 1106 1985 nullum
1128 1938 1205 1986 csse

155 2035 269 2108 dirius
312 2036 450 2108 malum
486 2035 723 2110 celeberrimo
760 2037 926 2136 exemplo
962 2036 1201 2112 demonstrat.

156 2168 288 2234 Earum
324 2187 448 2234 rerum
481 2161 795 2233 continuationem
828 2185 871 2233 ac
905 2162 1204 2258 consequentiam

155 2288 237 2386 quis
250 2311 325 2359 non
343 2285 489 2359 videat?
507 2291 547 2356 ln
570 2284 707 2383 quibus
724 2301 846 2358 tamen
870 2285 993 2358 nescio
1007 2310 1054 2358 an
1075 2286 1205 2359 melius

154 2412 281 2485 fuisset
302 2438 384 2510 quae
406 2413 536 2510 quinto
561 2409 656 2483 libro
683 2410 919 2483 continentur
944 2436 1006 2483 eas
1028 2411 1204 2485 adfinem

154 2539 342 2626 reservari,
356 2537 494 2636 quippe
511 2560 594 2642 quae
606 2549 644 2607 et
664 2535 830 2606 maximae
854 2536 927 2606 sint
948 2549 985 2606 et
998 2534 1203 2632 cognitione

155 2684 197 2732 ac
222 2660 529 2759 contemplatione
560 2659 655 2731 inter
695 2683 824 2731 omnes
852 2657 1082 2755 dignissimae.
1106 2658 1204 2748 Quid

153 2786 252 2858 enim
270 2784 387 2881 majus
412 2784 577 2876 homine,
601 2798 638 2856 et
659 2783 860 2882 praesertim
884 2783 1039 2856 humani
1064 2784 1204 2880 generis

36 2890 41 2900 ¹
152 2908 351 2980 societate?

201 3033 260 3105 Sic
271 3031 441 3131 Virgilius
453 3056 540 3103 cum
550 3031 597 3105 de
609 3057 649 3105 re
663 3033 798 3104 rustica
812 3047 969 3106 tractare
982 3033 1200 3124 institueret,

152 3158 203 3229 ita
218 3158 409 3230 materiem
423 3156 546 3230 divisit
561 3172 602 3229 ut
618 3182 661 3229 ex
677 3157 847 3229 inanimis
860 3156 907 3232 ad
917 3157 1075 3230 animata
1085 3173 1202 3231 trans·

152 3281 236 3370 iret,
258 3307 280 3355 a
306 3283 418 3354 mutis
435 3296 471 3355 et
485 3306 594 3354 sensu
606 3280 814 3354 carentibus
822 3281 869 3354 ad
884 3306 927 3354 ea
942 3308 1024 3380 quae
1036 3283 1202 3382 cupiunt,

151 3421 289 3496 amant,
312 3406 459 3496 dolent;
475 3431 495 3478 a
512 3406 632 3478 brutis
641 3431 683 3478 ac
697 3409 838 3478 ratione
851 3430 1003 3504 prorsus
1020 3407 1203 3480 destitutis

151 3531 262 3603 adea
288 3529 422 3628 quibus
450 3559 467 3595 a
494 3546 637 3629 partem
657 3530 789 3602 divinae
822 3532 955 3604 mentis
984 3547 1021 3604 et
1051 3531 1205 3606 haustus

150 3655 319 3727 aetherios
338 3690 354 3724 n
376 3655 491 3728 inesse
507 3655 652 3727 dixeris.
676 3661 813 3755 Nempe
830 3671 1026 3753 postquam
1043 3656 1090 3730 de
1105 3673 1202 3730 terra

151 3794 188 3852 et
207 3780 370 3852 aratione
388 3793 426 3851 et
453 3779 704 3851 instrumentis
728 3780 871 3853 rusticis
891 3780 1017 3853 docuit
1034 3807 1116 3879 quae
1134 3781 1202 3854 do·

153 3904 268 3976 cenda
278 3918 396 3994 erant,
405 3903 553 3977 arbores
563 3904 653 3996 adit,
668 3905 706 3976 in
718 3904 852 4002 quibus
860 3905 936 4002 jam
948 3906 1022 3978 vita
1032 3906 1200 4004 quaedam

150 4044 315 4128 apparet,
332 4028 396 4101 scd
409 4028 559 4102 coulusa
573 4029 693 4101 adhuc
709 4055 752 4101 ac
766 4055 874 4103 sensu
887 4055 1032 4122 carens,
1052 4047 1139 4104 tunc
1153 4030 1200 4103 ad

149 4177 228 4225 rem
246 4153 454 4252 pecuariam
475 4154 694 4250 aggreditur,
717 4169 754 4226 et
771 4155 910 4246 ovium,
934 4172 1198 4249 armentorum,
