2886 4890
195 421 224 471 16
360 467 364 473 ,
491 419 532 468 DE
548 416 765 470 Pultosoettmt
782 418 939 470 Portunus

240 540 310 614 Sed
335 557 371 614 et
396 541 465 613 alia
490 541 527 612 in
547 540 775 613 Parmenidis·
795 541 957 639 reliquiis
990 540 1134 612 invenio
1160 564 1242 638 quae
1282 628 1286 632 Α

193 667 380 738 Lucretius
405 680 549 765 aperte,
573 669 612 739 ni
637 665 763 757 fallor,
792 667 953 771 imitatus
978 682 1054 756 est;
1081 690 1242 764 quorum

193 793 417 864 mentionem
432 817 548 890 quum
565 793 663 892 apud
686 793 868 913 neminem
886 793 1064 865 hactenus
1081 791 1239 882 videam,

193 919 318 1016 paucis
336 916 511 989 indicanti
526 918 631 990 venia
647 919 693 990 sit
707 944 808 1017 rogo.
830 924 921 991 Nam
941 942 1053 1017 quam
1074 916 1180 989 deam
1205 918 1243 989 in

193 1042 372 1139 poematis
390 1042 540 1115 exordio
559 1043 703 1116 invocat
721 1059 857 1136 noster,
879 1069 960 1117 eam
976 1041 1078 1143 apud
1097 1046 1243 1114 Parme-

194 1166 318 1240 nidem
332 1168 409 1265 jam
428 1168 613 1241 laudatam
632 1168 859 1242 inveniebat:

337 1346 386 1408 Ἐν
406 1348 433 1408 δὲ
448 1347 522 1430 μέσῳ
535 1346 635 1408 τούτων
648 1346 759 1428 Δνίρων
777 1347 796 1422 ἢ
812 1346 900 1410 πάντα
911 1347 1026 1432 κυὸερνᾷ
1045 1347 1104 1430 (i),

197 1517 296 1590 unde
315 1517 416 1616 ipse:

302 1687 371 1758 Quae
383 1685 514 1760 quoniam
525 1700 620 1744 rerum
632 1693 760 1744 naturam
774 1686 833 1743 sola
846 1685 981 1759 gubernas
995 1688 1052 1758 (2);

198 1856 240 1902 ae
266 1855 313 1902 ne
338 1829 547 1903 dubitemus
572 1855 740 1930 quaenam
765 1857 808 1905 ea
833 1831 884 1928 sit
903 1831 1153 1930 potentissima
1177 1830 1246 1904 dea

155 2042 160 2047 ·
198 1971 327 2029 cavent
352 1981 477 2029 versus
503 1972 717 2054 sequentes:
1342 1935 1344 1939 ¹

360 2124 455 2204 Πάντῃ
468 2123 520 2208 γὰρ
533 2133 669 2206 στυγεροῖο
685 2124 763 2185 τόκου
777 2124 822 2185 καὶ
837 2123 919 2206 μίξισς
930 2124 1001 2208 ἀρχὴ

358 2221 489 2300 πέμπουσί
500 2221 590 2304 ἄρσενι
605 2223 670 2296 θῆλυ
684 2227 805 2303 μιγῆναι,
823 2223 927 2285 ἐναντία
944 2222 969 2283 τ’
984 2211 1057 2292 αὖθις

362 2319 440 2402 ἄρσεν
455 2318 589 2402 θηλυτέρῳ
604 2319 658 2401 (3).

200 2487 240 2556 In
259 2481 394 2581 quibus
406 2484 488 2581 quis
505 2508 580 2573 nnn
597 2497 766 2580 agnoscat
781 2487 972 2574 Venerem,
993 2508 1067 2582 qua
1081 2484 1158 2556 sine

483 2662 546 2719 Non
557 2659 705 2734 quicquam
717 2658 778 2718 dias
789 2659 820 2717 in
829 2659 944 2720 luminis
957 2675 1019 2717 orus

307 2749 438 2809 Exoritur
448 2752 487 2820 (4)
498 2751 510 2804 r

251 3027 329 3095 Jam
340 3017 432 3090 nihil
441 3018 672 3091 forteintoto
682 3017 838 3090 Lucretii
846 3033 1016 3119 poemate
1025 3018 1089 3092 illo
1099 3022 1250 3095 secundi

202 3143 286 3217 libri
300 3125 490 3243 'prooemio
515 3143 639 3215 notius
663 3167 705 3214 ac
729 3141 933 3242 pulchrius,
961 3142 1026 3215 ubi
1051 3145 1250 3243 sapientem

203 3268 394 3343 ostendite
412 3263 505 3341 bene
521 3265 671 3340 munitis
686 3291 728 3339 ae
747 3268 881 3339 serenis
903 3267 1048 3366 templis
1067 3270 1141 3341 suis
1160 3271 1251 3343 alios

202 3392 371 3466 homines
385 3390 658 3493 despicientem,
676 3393 885 3490 passimque
900 3391 1085 3467 videntem

312 3573 516 3644 terrarumque
528 3567 736 3643 riampalmoes
748 3580 872 3643 querere
885 3569 949 3628 vitae
958 3573 1008 3641 (5).

245 3817 286 3902 (t)
306 3809 477 3882 Parmenid.
490 3836 541 3900 up.
559 3816 705 3882 Mullauh.
723 3820 794 3881 428.

248 3915 286 3996 (ἢ)
308 3918 400 3979 Luer.
414 3918 439 3993 Ι,
451 3919 488 3979 rt
505 3915 672 3999 (Lachm.).

249 4013 290 4095 (3)
313 4013 485 4077 Parmenid.
502 4033 552 4096 ap.
564 4012 709 4078 Multaeh.
727 4017 786 4079 129
796 4023 885 4097 seqq.

247 4113 288 4194 (4)
309 4112 400 4175 Luer.
414 4113 439 4189 Ι,
452 4117 492 4175 22
504 4109 670 4194 (Lachm.).

251 4209 293 4290 (ὃ)
313 4210 461 4286 luenti,
479 4213 528 4274 to.
