2886 4890
438 422 627 474 counitioni:
644 421 726 472 trun
742 419 932 473 incanum.
1174 419 1208 467 63

159 539 332 612 exclamat
356 545 392 613 in
421 547 576 640 Captivis
598 542 784 642 Tyndarus
808 541 877 639 (l),
906 540 1105 612 contrarias
1134 544 1204 608 En-

158 665 267 737 niano
296 667 478 740 Telamoni
504 685 625 768 partes
657 695 776 765 agens.
810 667 905 739 Nihil
935 667 1067 737 mirum
1096 664 1205 760 igitur

158 791 186 858 si
217 791 254 860 in
285 792 409 864 Satiris
438 795 616 865 Lucilium
647 773 725 865 tam
756 818 848 892 saepe
880 789 1203 890 philosophantem

157 914 342 1008 videmus,
374 919 543 1017 praeclare
573 919 619 991 de
650 920 805 1008 virtute,
839 915 959 1016 lepide
987 915 1033 986 de
1063 914 1107 984 iis
1140 912 1204 1010 qui

156 1039 287 1112 fabulis
302 1058 492 1140 poetarum
510 1045 592 1143 plus
606 1044 719 1115 nimio
735 1042 903 1114 credulos
916 1066 953 1112 se
972 1036 1136 1138 praebent
1149 1037 1202 1108 lo-

156 1180 345 1261 quentem,

261 1342 299 1396 Ut
312 1342 389 1412 pueri
402 1341 522 1398 infantes
534 1341 650 1399 credunt
665 1343 742 1416 signa
756 1340 849 1398 omnia
862 1339 948 1396 ahena

260 1429 358 1488 Vivere
370 1440 398 1487 et
410 1447 469 1488 esse
481 1431 619 1500 homines,
634 1432 674 1489 sic
685 1431 728 1489 isti
741 1431 835 1488 omnia
848 1429 912 1485 ficta

259 1518 329 1574 Vera
341 1528 449 1592 putant,
462 1521 578 1577 credunt
591 1521 677 1594 signis
689 1537 737 1579 cor
751 1519 842 1576 inesse
854 1518 971 1586 ahenis(
990 1520 1009 1584 ).
1070 1585 1072 1589 7

153 1677 252 1760 Quos
262 1700 400 1767 versus,
416 1676 569 1747 sinnam
584 1693 647 1749 aut
662 1676 813 1748 alteram
831 1674 1005 1771 rubiginis
1020 1673 1199 1743 maculam

154 1797 305 1890 ethices,
325 1800 400 1896 jam
416 1827 483 1900 pro
498 1802 721 1874 Lucretianis
737 1826 846 1905 nemo
860 1826 934 1872 non
951 1799 1116 1896 accipiat.

200 1924 269 1995 Sed
283 1926 382 1997 aliud
403 1943 457 1999 est
473 1926 623 2000 brevem
643 1928 859 1999 sententiam
879 1924 996 1997 tribus
1018 1938 1081 1994 aut
1108 1946 1199 2019 qua·

152 2064 235 2120 tuor
249 2050 412 2123 versibus
436 2052 610 2139 scrihere,
629 2053 728 2124 aliud
751 2053 860 2148 longo
879 2051 1039 2122 carmine
1063 2048 1198 2120 doctri-

150 2199 235 2244 nam
252 2189 367 2247 totam
384 2192 482 2248 certa
494 2178 635 2250 ratione
650 2203 691 2248 ac
706 2177 764 2248 via
780 2174 972 2276 exponere.
990 2174 1100 2270 Cujus
1113 2198 1198 2273 pro·

150 2301 258 2395 positi
276 2301 470 2373 difficultas
488 2328 534 2374 ne
549 2328 617 2374 nos
629 2301 739 2374 lateat
757 2304 833 2402 ipse
853 2302 1025 2374 admonet
1040 2313 1170 2398 poeta:

254 2481 311 2534 Nec
325 2495 371 2536 me
383 2479 468 2536 animi
482 2480 551 2538 fallit
562 2481 708 2538 Graiorum
722 2480 839 2537 obscura
852 2489 959 2553 reperta

252 2565 370 2624 Difficile
384 2568 528 2626 inlustrare
541 2570 648 2626 Latinis
662 2570 784 2627 versibus
798 2584 867 2639 esse,

252 2659 339 2715 Multa
353 2661 431 2717 novis
445 2660 533 2717 verbis
545 2661 697 2732 prasertim
709 2677 774 2717 eum
787 2660 823 2717 sit
835 2659 974 2732 agendum

253 2749 368 2821 Propter
382 2757 531 2823 egestatem
546 2750 646 2823 liuguae
661 2758 688 2807 et
698 2765 792 2806 rerum
805 2749 957 2807 novitatem
969 2753 1015 2817 (3).

195 2914 275 2982 Mox
304 2910 430 2981 eadem
458 2926 632 3009 queretur
658 2911 819 3000 Tullius,
847 2936 1058 3009 quanquam
1086 2936 1193 3010 prosa

146 3035 322 3123 oratione,
340 3060 415 3107 non
430 3037 549 3135 poesis
558 3037 710 3108 vinculis
725 3038 881 3134 illigatus
898 3036 1043 3125 scribat,
1058 3052 1093 3109 et
1110 3063 1193 3134 per·

145 3185 237 3258 saepe
258 3160 369 3230 nimia
386 3160 615 3232 aemulatione
629 3162 750 3258 gloriae
768 3163 916 3233 latinam
941 3162 1100 3257 linguam
1117 3186 1192 3234 non

146 3283 255 3356 modo
274 3309 348 3356 non
368 3285 513 3383 inopem
539 3311 614 3357 esse
631 3287 843 3378 contendat,
867 3286 929 3358 sed
950 3310 1062 3383 graeca
1082 3287 1191 3359 etiam

143 3408 418 3506 locupletiorem
444 3409 510 3507 (4).

183 3609 223 3689 (l)
246 3610 352 3682 Plaut,
366 3612 468 3689 Capt„
483 3613 563 3672 att

182 3706 222 3787 (Ξ)
247 3709 393 3784 Lactant,
412 3711 515 3770 Dicta.
540 3709 654 3781 Iastia,
680 3709 704 3781 I,
727 3711 776 3772 22.
802 3709 937 3788 Nonius,
962 3709 1045 3774 verb.
1070 3710 1187 3785 infans.

141 3805 230 3865 Hunc
244 3805 347 3866 locum
361 3804 566 3866 admirabatur
586 3823 622 3867 ac
642 3805 698 3867 sibi
718 3811 900 3870 vertendum
921 3807 1117 3889 proponebat
1136 3810 1189 3870 de-

142 3901 323 3963 siderandus
352 3910 456 3965 noster
481 3903 583 3965 Andre'
612 3905 738 3967 Chenier
769 3906 842 3987 (vid.
870 3906 942 3968 e'dtt.
970 3907 1186 3987 Charpentier‚

141 4003 230 4075 1852,
247 4019 313 4081 pag.
332 4002 414 4081 l98.)

177 4103 215 4176 (3)
237 4101 372 4175 Lucret,
387 4102 412 4172 Ι,
428 4101 486 4162 136
502 4099 656 4179 (boehm).

180 4199 217 4275 (l)
240 4195 311 4272 Cic,
331 4197 368 4258 de
381 4199 491 4272 uentu,
507 4200 540 4272 1,
557 4201 590 4273 33
607 4200 663 4277 111,
678 4204 714 4276 2;
732 4201 852 4264 dellat.
867 4203 919 4274 Ι),
935 4203 948 4263 l
956 4248 966 4279 ,
984 4204 1014 4263 l.
1030 4205 1188 4264 utcontra
