2886 4890
467 418 655 471 conulttouu
673 418 756 469 APUD
774 415 965 469 Luculentum.
1210 422 1242 470 29

297 543 343 609 Et,
357 541 433 599 velut
448 548 552 598 aeterno
567 539 717 598 certamine
731 540 839 614 proelia,
852 555 958 612 pugnas

297 630 386 688 Edere
398 634 447 700 (1).

192 803 273 886 Qua
296 795 546 888 similitudine,
577 809 620 867 ut
645 793 749 867 valde
771 793 973 866 delectatur
992 793 1143 891 legentis
1163 795 1241 865 ani·

194 946 288 1010 mus,
301 921 353 993 ita
362 920 472 993 rebus
484 920 570 1020 ipsis
581 945 676 992 nova
688 919 750 991 lux
761 918 920 992 additur.
933 923 1029 1012 Mox,
1045 934 1087 992 ut
1099 934 1243 992 atomos

193 1045 418 1145 rapidissime
450 1045 589 1117 moveri
622 1059 744 1117 mente
777 1045 1043 1143 concipiamus,
1083 1044 1243 1117 ostendit

193 1196 306 1269 quam
324 1170 445 1243 subito
464 1171 519 1242 sol
544 1169 665 1242 oriens
696 1170 778 1242 luce
802 1185 838 1241 et
863 1169 984 1242 calore
1019 1183 1139 1242 toturn
1159 1195 1243 1242 aera

193 1296 390 1394 compleat,

302 1489 427 1548 Primum
439 1505 537 1547 aurora
548 1504 619 1546 novo
632 1503 696 1546 cum
709 1488 813 1562 spargit
824 1488 930 1546 lumine
943 1497 1040 1556 terrae,

300 1581 336 1636 Et
348 1578 432 1638 variae
442 1578 568 1636 volucres
579 1593 696 1636 nemora
709 1578 767 1636 avia
781 1577 974 1650 pervolitantes

301 1673 372 1727 Aera
385 1685 435 1742 per
447 1677 574 1727 tenerum
588 1667 699 1742 liquidis
713 1668 773 1725 loca
788 1667 900 1724 vocibus
910 1667 1026 1740 opplent
1038 1671 1085 1736 (a).

244 1850 417 1948 Sequitur
431 1849 534 1922 locus
553 1848 599 1921 de
621 1875 697 1946 quo
713 1848 801 1920 alias
814 1849 1037 1921 mentionem
1056 1849 1243 1942 faciemus,

197 2001 272 2074 quo
289 2000 357 2047 nos
375 1975 482 2047 docet
497 1989 638 2046 atomos
650 1973 822 2048 deorsum
837 1974 874 2046 vi
899 1998 962 2045 sua
978 1974 1139 2064 tendere,
1155 2000 1246 2073 pau-

197 2097 314 2170 lulum
329 2114 452 2170 autem
466 2098 561 2170 inter
574 2122 611 2168 se
629 2096 823 2168 declinare.
844 2095 915 2169 Sed
929 2123 1040 2195 quam
1054 2098 1128 2170 cito
1141 2098 1248 2171 nobis

198 2237 306 2322 poeta
322 2219 510 2295 redditur!
536 2227 627 2294 Nam
648 2246 764 2318 quum
782 2220 912 2293 dixerit
931 2221 1022 2295 nihil
1041 2223 1248 2316 mirandum

198 2373 274 2420 esse
296 2349 343 2439 si,
367 2347 499 2419 atomis
521 2347 672 2445 perenni
696 2359 733 2417 et
756 2343 901 2418 assiduo
929 2361 1033 2419 motu
1052 2373 1119 2446 per
1142 2349 1248 2420 inane

197 2471 370 2572 abreptis,
391 2487 513 2544 tamen
533 2495 675 2542 summa
692 2495 816 2542 rerum
832 2469 939 2542 nobis
957 2471 1153 2544 immobilis
1172 2497 1248 2545 esse

200 2595 377 2688 videatur,
394 2595 539 2668 duobus
556 2594 728 2694 exemplis
741 2621 820 2666 rem
835 2594 1003 2687 illustrat,
1020 2597 1155 2694 quibus
1168 2623 1248 2670 ues-

199 2721 255 2793 cio
280 2745 327 2793 an
354 2722 429 2794 ulla
453 2719 552 2820 apud
576 2718 776 2819 quemlibet
798 2720 911 2792 aliurn
932 2735 1080 2820 poetam
1100 2722 1248 2821 praecla-

199 2846 274 2918 rior
289 2847 407 2943 imago
425 2846 540 2945 possit
557 2845 710 2917 inveniri
731 2871 739 2914 ε

260 3093 262 3095 ,
305 3044 377 3100 Nam
389 3057 461 3114 saepe
476 3040 504 3098 in
515 3041 577 3098 colli
591 3041 740 3099 tondentes
752 3042 851 3116 pabula
864 3043 926 3100 laeta

305 3131 450 3204 Lanigerae
464 3138 572 3202 reptant
584 3130 713 3202 pecudes,
729 3147 935 3205 quoquumque
949 3140 1076 3190 vocantes

307 3219 426 3277 Invitant
439 3219 533 3277 herbae
546 3229 719 3292 gemmantes
730 3236 793 3276 rore
807 3220 921 3289 recenti,

305 3309 343 3364 Et
352 3309 444 3366 satiati
458 3309 519 3382 agni
535 3307 644 3380 ludunt,
660 3308 814 3383 blandeque
827 3315 991 3377 coruscaut3

304 3398 404 3455 Omnia
419 3412 481 3472 quae
493 3398 573 3454 nobis
586 3397 667 3470 longe
678 3396 791 3455 confusa
806 3397 944 3470 videntur,

307 3489 342 3545 Et
353 3487 428 3545 velut
441 3487 470 3544 in
483 3486 562 3543 viridi
579 3486 683 3543 candor
695 3487 844 3544 consistere
857 3489 931 3547 colli.

306 3578 445 3634 Praeterea
459 3589 565 3650 magnae
577 3575 697 3649 legiones
709 3571 774 3632 cum
790 3575 848 3633 loca
863 3592 946 3635 cursu

306 3665 476 3738 Camporum
490 3664 642 3736 complent,
656 3663 719 3721 belli
731 3664 876 3722 simulacra
889 3665 1002 3738 cientes,

308 3753 411 3827 Fulget
423 3753 460 3809 ibi
474 3751 509 3810 ad
524 3753 626 3810 coelum
640 3767 669 3808 se
681 3751 763 3819 tollit,
777 3761 890 3826 totaque
905 3755 1010 3813 circum

306 3845 369 3898 AEre
383 3841 532 3899 renidescit
545 3843 635 3907 tellus,
649 3840 797 3914 subterque
811 3842 901 3899 virum
915 3844 940 3899 vi

240 4114 283 4194 (1)
303 4113 424 4174 Lucrei.
439 4113 482 4185 ll,
500 4114 558 4173 111
572 4130 661 4192 seqq.
677 4110 839 4191 (bachim).

246 4211 286 4293 (1)
310 4212 445 4285 Lucret,
461 4210 487 4270 11
507 4213 566 4272 111
579 4227 666 4290 seqq.
684 4209 844 4291 (Lachm.).
