2886 4890
196 461 228 510 46
496 457 536 507 ΒΕ
553 456 772 509 Pflltosorfflcl
791 456 946 508 POENA'NS

194 580 346 680 cupant)
372 580 462 651 scire
485 579 595 667 volet,
623 603 739 675 eaque
764 579 904 651 diversa
930 581 1090 651 materiei
1115 604 1247 675 genera

194 703 387 774 artificiose
399 701 592 801 separabit.
608 709 647 774 ln
660 702 718 774 his
731 703 901 775 omnibus
914 704 995 802 quis
1006 705 1107 803 poesi
1120 704 1246 776 locus?

193 829 264 916 Qui
287 828 414 898 llorem
436 828 614 899 intactum
635 828 765 899 lucidis
787 829 1036 927 splendentem
1059 828 1245 901 coloribus

83 1039 84 1043 Ἰ
194 967 230 1023 et
265 953 443 1049 exquisito
476 951 589 1024 odore
625 977 732 1025 auras
762 951 1007 1053 complentem
1045 952 1245 1026 mirabatur

192 1092 299 1175 poeta
323 1102 364 1147 ac
385 1076 548 1149 versibus
569 1076 671 1147 laetus
692 1077 937 1168 describebat,
961 1103 1059 1149 nunc
1082 1078 1241 1177 discerp-

194 1216 273 1274 tum
287 1201 437 1298 lugebit,
454 1217 490 1273 et
505 1203 541 1272 in
556 1201 626 1273 vile
639 1202 773 1293 lutum,
790 1220 831 1275 ut
845 1204 896 1275 ita
910 1203 1043 1295 dicam,
1060 1218 1242 1276 mutatum
1284 1265 1288 1273 .

193 1330 429 1403 aversabitur.

164 1508 166 1512 -
242 1462 335 1527 Num
358 1481 445 1528 vero
473 1457 510 1526 in
541 1444 598 1526 his
624 1457 796 1527 consistet
819 1456 1086 1555 philosophus?
1112 1463 1240 1530 Nonne

192 1581 330 1676 majora
353 1581 502 1678 adipisci
525 1579 701 1652 tentabit?
721 1582 816 1670 Quin
841 1582 933 1670 imo,
951 1582 1131 1680 quidquid
1150 1582 1239 1654 hac·
1301 1636 1302 1641 η

193 1722 298 1777 tenus
328 1705 431 1794 lecit,
462 1705 644 1804 quidquid
667 1705 813 1798 didicit,
845 1706 1065 1778 vestibulum
1096 1722 1238 1778 tantum

192 1831 348 1902 scientiae
374 1855 450 1902 esse
470 1831 676 1929 profitetur,
710 1846 745 1902 et
772 1830 818 1902 ad
847 1832 976 1903 altiora
1007 1857 1043 1902 se
1071 1831 1236 1929 accingit.

192 1962 328 2055 Nempe
348 1971 543 2054 postquam
567 1955 690 2027 omnia
714 1981 855 2054 eaquae
878 1956 1034 2028 diximus
1057 1957 1094 2027 in
1113 1956 1237 2054 planta

190 2082 279 2154 vidit
306 2107 347 2153 ac
368 2083 525 2170 notavit,
544 2081 620 2177 jam
641 2083 755 2154 multa
774 2083 860 2154 inde
879 2099 1083 2181 sequuntur
1105 2082 1239 2180 quibus

194 2206 241 2277 ad
259 2233 381 2280 veram
404 2208 564 2279 ascendit
584 2209 783 2280 scientiam.
808 2208 914 2280 Videt
933 2209 1029 2280 enim
1052 2208 1239 2306 quomodo

191 2334 301 2421 vivat,
331 2333 462 2423 alatur,
491 2349 628 2405 crescat
653 2331 725 2406 ho'c
748 2335 957 2434 plantarum
980 2359 1111 2431 genus;
1141 2332 1240 2403 videt

191 2483 360 2530 amorum
387 2483 429 2529 ac
454 2457 724 2530 connubiorum
751 2460 923 2531 miracula
949 2457 1083 2556 quibus
1109 2457 1239 2529 similia

190 2585 245 2655 sui
267 2585 377 2680 gignit
403 2599 438 2655 et
463 2584 500 2655 in
526 2599 703 2656 aeternum
729 2601 970 2684 propagatur,
1002 2583 1099 2655 videt
1126 2608 1239 2680 quem

189 2707 312 2778 locum
330 2706 464 2779 habeat
483 2708 518 2779 in
543 2707 749 2779 admirabili
767 2708 828 2779 illa
842 2709 1115 2779 continuatione
1135 2707 1240 2778 serie-

191 2857 262 2930 que
284 2857 408 2904 rerum
421 2832 555 2930 quibus
568 2835 663 2906 inter
678 2859 714 2904 se
728 2834 821 2932 aptis
834 2834 1084 2931 colligatisque
1096 2832 1238 2904 consor·

193 2975 312 3030 matur
330 2958 390 3029 hic
409 2984 518 3056 quem
534 2959 689 3030 dicimus
702 2960 871 3031 mundus.
892 2960 984 3030 Num
997 2958 1077 3029 haec
1089 2983 1239 3055 quoque

188 3099 336 3181 poetam
374 3082 574 3179 fugabunt?
606 3089 733 3156 Nonne
768 3101 896 3156 contra
931 3084 1170 3155 admiratione
1206 3099 1242 3154 et

188 3209 313 3280 alllatu
325 3211 486 3307 quodam
496 3210 620 3281 divino
631 3236 715 3281 eum
726 3210 937 3301 accendent,
953 3235 1068 3307 quum
1078 3209 1156 3305 jam
1165 3234 1240 3280 non

189 3361 298 3422 mors,
326 3335 389 3406 sed
409 3337 482 3406 vita
497 3334 612 3407 oculis
634 3353 670 3406 et
691 3336 901 3433 cogitationi
919 3335 1146 3430 subjiciatur,
1164 3360 1239 3406 non

188 3458 340 3531 humilia
355 3475 391 3531 et
410 3460 573 3548 sordida,
592 3461 655 3531 sed
677 3439 857 3558 quidquid
887 3464 1102 3551 maximum,
1132 3459 1238 3558 quid·

189 3584 278 3682 quid
303 3584 592 3683 pulcherrimum
617 3611 719 3656 mens
748 3585 912 3656 humana
936 3585 1050 3684 possit
1073 3601 1237 3657 contem-

188 3704 303 3807 plari?

235 3840 324 3923 Quae
347 3835 392 3906 de
410 3837 535 3934 planta
559 3836 727 3926 diximus,
753 3835 881 3907 eadem
909 3835 956 3908 de
982 3837 1082 3907 omni
1110 3858 1235 3908 rerum

186 3975 315 4031 natura
334 3961 454 4033 dicere
469 3962 669 4060 possimus3
694 3963 732 4033 in
751 3986 824 4059 qua
842 3961 906 4058 qui
930 3961 1069 4058 singula
1089 3963 1237 4060 perqui-

176 4101 284 4174 runt,
307 4111 380 4157 non
401 4087 580 4175 universa,
608 4101 644 4158 et
667 4086 713 4158 ad
735 4087 913 4158 elementa
937 4086 1174 4176 descendunt,
1200 4102 1236 4158 et

186 4211 343 4283 viventia
375 4213 412 4283 in
444 4227 565 4311 partes
596 4212 757 4284 lacerant
785 4227 825 4283 ut
852 4212 1046 4309 separatim
1080 4237 1235 4310 quasque
