2886 4890
469 423 658 478 conutitutis
675 423 758 476 trun
775 421 963 476 Luctantur.
1211 427 1238 477 11

191 550 383 649 Theognis,
410 544 637 644 phocylides,
667 544 791 636 Solon,
817 543 1049 642 Pythagoras,
1074 545 1242 618 nonnulli

192 674 252 747 alii
268 674 367 774 apud
386 677 531 745 Graecos
545 671 721 761 fecerunt,
738 667 872 768 quibus
892 670 1115 769 respondent
1143 670 1241 770 apud

192 805 375 873 Romanos
387 797 615 899 pythagorici
631 796 809 894 poematis
830 810 958 867 auctor
965 797 1100 895 Appius
1108 800 1240 887 Caecus,

191 942 227 1002 et
257 926 317 998 ille
342 924 388 996 de
414 922 542 996 litteris
564 921 684 993 latinis
701 920 894 1018 multiplici
912 945 955 992 cx
983 935 1086 1019 parte
1104 924 1242 1020 optime

192 1052 343 1123 meritus
368 1049 523 1138 Ennius,
548 1047 613 1145 qui
630 1048 886 1144 Protrepticum
902 1072 1045 1118 carmen
1063 1047 1137 1119 suis
1155 1073 1242 1148 ope·

191 1175 292 1249 ribus
310 1173 500 1273 adscripsit
519 1173 591 1270 (1),
609 1170 742 1243 deinde
759 1170 866 1242 altius
884 1174 1068 1268 insurgere
1086 1171 1238 1263 audeat,

193 1315 229 1374 et
247 1300 407 1373 firmiore
435 1299 542 1372 oculo
568 1321 649 1396 quae
675 1321 761 1369 vera
780 1312 885 1388 sunt,
905 1312 946 1368 ut
964 1296 1078 1369 solem
1102 1298 1239 1397 aquila,

192 1427 349 1518 intueri,
369 1451 486 1525 quum
514 1422 775 1522 Xenophanes,
792 1422 1042 1513 Parmenides,
1059 1425 1242 1524 Empedo-

191 1552 264 1625 cles
286 1566 454 1623 naturam
482 1574 604 1620 rerum
627 1546 790 1621 versibus
817 1546 1126 1646 complectantur,
1150 1574 1243 1648 quos

193 1673 414 1773 sequebatur
429 1674 581 1746 fortasse
598 1672 734 1746 Ennius
749 1673 786 1743 in
801 1671 1036 1768 Epicharmo,
1056 1687 1153 1746 certe
1170 1679 1241 1746 Lu-

192 1800 346 1892 cretius,
377 1815 457 1871 tum
490 1797 640 1871 demum
675 1796 722 1869 ad
757 1795 994 1870 describenda
1028 1812 1170 1871 tantum
1200 1825 1243 1872 ea

193 1923 327 2023 quibus
358 1922 578 2023 explicandis
604 1922 723 2021 impar
750 1922 796 1993 sit
828 1946 904 1994 sese
927 1934 1128 2016 convertat,
1154 1902 1242 1995 cum

192 2055 300 2123 Arato
329 2050 412 2122 coeli
431 2047 628 2139 miracula,
653 2073 738 2120 cum
758 2046 937 2120 Nicandro
963 2049 1038 2120 vim
1065 2051 1243 2123 remedio·

192 2200 288 2267 rum,
308 2199 394 2247 cum
412 2173 650 2247 Eratosthene
669 2171 803 2244 artium
827 2173 1022 2270 originem,
1051 2175 1089 2246 in
1109 2175 1243 2273 quihus

193 2299 376 2371 imitandis
389 2314 469 2370 tum
481 2296 591 2370 ambo
605 2302 799 2387 Varrones,
817 2311 897 2368 tum
907 2297 983 2397 ipse
995 2299 1144 2389 Tullius,
1157 2301 1244 2373 alte·

193 2449 272 2498 ram
286 2439 323 2497 et
337 2423 513 2519 majorem
529 2421 680 2519 gloriam
699 2448 785 2526 mox
803 2439 1060 2523 occupaturus,
1084 2426 1242 2499 multum

194 2574 312 2648 operae
338 2563 554 2648 posuerunt.
573 2553 664 2619 Nam
684 2546 731 2619 de
747 2548 895 2644 Virgilio
914 2549 1001 2621 alias
1014 2550 1190 2628 dicemus.

241 2674 398 2748 Alteram
413 2687 538 2745 autem
551 2672 690 2768 generis
704 2671 868 2768 ejusdem
881 2674 1115 2770 partitionem
1134 2677 1241 2750 facie-

194 2797 256 2894 bat
277 2798 334 2871 vir
354 2797 550 2897 superioris
573 2797 707 2886 saeculi,
729 2796 834 2893 cujus
855 2796 982 2871 laudes
999 2799 1061 2872 illo
1078 2815 1243 2901 tempore

193 2924 276 3025 plus
290 2948 396 3022 aequo
410 2921 599 2996 celebratae
613 2922 712 3021 apud
728 2937 909 2996 nostrates
918 2923 1102 2998 oblivione
1115 2929 1242 3026 paula·

195 3051 261 3123 tim
282 3049 507 3122 obsolescere
524 3063 560 3120 et
574 3048 751 3144 exstingui
762 3046 946 3141 videntur,
957 3075 1025 3122 nec
1043 3052 1240 3142 immerito,

194 3175 225 3246 si
242 3173 332 3273 quid
347 3174 498 3246 sentiam
517 3186 641 3270 aperte
657 3172 821 3271 profiteri
834 3173 940 3246 liceat
951 3174 1018 3273 (2)
1038 3178 1110 3266 Qui
1126 3206 1241 3277 quum

195 3298 449 3371 didascalicam
466 3297 606 3397 poesim
625 3322 706 3370 cam
720 3324 796 3371 esse
817 3298 954 3372 diceret
979 3327 1060 3399 quae
1078 3302 1243 3376 versibus

195 3446 271 3523 que
286 3448 376 3494 vera
391 3423 466 3493 sint
482 3419 718 3494 describenda
746 3420 814 3492 sibi
832 3439 1029 3522 proponat,
1054 3425 1122 3497 tria
1146 3426 1183 3498 in
1201 3453 1243 3500 ea

236 3625 276 3708 (l)
297 3624 482 3688 Condiderat
504 3630 536 3687 et
553 3626 595 3688 M.
618 3624 692 3687 Cato
717 3626 852 3687 Carmen
875 3626 1053 3690 demoritur
1076 3630 1146 3710 (vid.
1173 3634 1241 3695 Aul.

195 3723 274 3789 Gell.
294 3726 346 3801 XI,
360 3724 404 3804 il,
425 3723 515 3804 cujus
525 3721 684 3785 rarissima
698 3721 884 3803 fragments,
904 3726 1038 3789 sotadeis
1049 3727 1194 3808 versibus,
1210 3737 1244 3794 ut

195 3821 351 3904 opinatur,
371 3820 537 3902 descripta,
552 3820 680 3901 collegit
692 3826 789 3903 atque
812 3821 908 3885 edidit
925 3823 987 3887 Alf.
1003 3824 1240 3905 Fleckeisenius‚

195 3919 229 3981 in
242 3918 393 4000 opusculo
407 3918 491 4001 quod
506 3918 685 3981 inscribitur
702 3919 879 3984 Catonianae
889 3927 992 4003 poesis
1009 3924 1157 4004 reliquie,
1173 3926 1244 4008 Lip-

195 4017 259 4095 siae,
275 4018 366 4080 1854.

237 4114 277 4196 (2)
297 4113 412 4178 L’abbe
425 4116 567 4194 Balteus,
583 4117 744 4199 Principes
760 4118 797 4183 de
817 4119 1011 4201 Litiireiure,
1030 4124 1063 4186 3θ
1075 4122 1185 4205 partie.
1201 4127 1242 4188 De

121 4265 123 4269 .
195 4216 227 4279 la
240 4215 344 4298 poesie
355 4214 543 4298 didactique.
