2886 4890
475 407 666 460 cunintona
682 408 765 461 uun
782 409 973 464 Lucanum.
1031 380 1033 383 ’
1214 412 1243 460 n

197 527 403 601 Aristotcles
416 528 546 601 dixerit
567 530 781 628 pythagorei
808 531 978 629 Cercopis
1003 554 1080 603 esse
1107 529 1180 628 (l),
1208 543 1245 600 et

196 652 265 750 ipsi
286 652 516 727 nobilissimae
534 670 638 728 sectae
654 656 740 728 duci
758 680 800 728 ac
815 657 985 752 magistro
1006 679 1131 730 versus
1151 678 1243 752 saepe

197 775 369 876 adscripti
391 780 481 873 sint,
515 780 552 852 in
581 782 624 853 iis
642 796 787 880 tempus
813 795 940 853 teram.
974 786 1046 854 Nec
1068 780 1180 877 magis
1198 778 1245 851 (16

196 903 353 976 Hesiodo
372 903 568 996 disseram,
602 931 814 1008 quanquam
836 907 931 978 inter
958 904 1199 1005 philosophos
1224 930 1245 977 a

196 1027 391 1102 Plutarcho
427 1047 665 1121 numeretur,
698 1031 888 1129 multaque
916 1032 1098 1131 sapienter
1134 1045 1245 1129 atque

196 1153 333 1231 utiliter
348 1155 533 1256 praecipiat
542 1180 624 1255 quae
637 1157 783 1230 moralis
794 1181 879 1255 pars
891 1155 1131 1256 philosophiae
1142 1155 1245 1228 nullo

195 1293 303 1377 pacto
317 1278 476 1355 abnuere
491 1281 589 1355 velit.
627 1288 718 1356 Nam
737 1308 853 1381 quum
873 1280 1105 1381 philosophia
1123 1281 1161 1355 in
1188 1281 1243 1367 di-

195 1403 362 1477 vinarum
386 1405 707 1506 humanarumque
733 1433 858 1482 rerum
891 1407 1096 1505 cognitione
1123 1431 1243 1479 verse-

196 1542 269 1623 tur,
294 1530 475 1631 quidquid
489 1549 597 1632 poeta
612 1535 731 1632 quivis
745 1560 809 1606 seu
829 1531 960 1606 dedeo
987 1533 1076 1630 (non
1097 1531 1241 1622 fabulis,

195 1652 258 1726 sed
281 1655 422 1729 ratione
441 1659 637 1755 magistra),
660 1684 725 1732 seu
742 1657 787 1731 de
809 1658 1005 1730 hominum
1027 1672 1178 1747 natura,
1198 1656 1244 1728 de

195 1779 284 1873 sato,
304 1781 350 1854 (16
369 1782 546 1875 moribus,
571 1783 617 1856 de
630 1782 828 1856 virtutibus
846 1809 888 1855 ac
904 1783 1013 1875 vitiis,
1034 1808 1162 1855 verum
1181 1797 1245 1854 aut

195 1905 325 1987 falsum
339 1909 375 1981 in
389 1909 610 1983 carminibus
625 1911 777 2010 profert,
793 1910 830 1983 id
853 1909 921 1983 sibi
940 1936 983 1983 ea
996 1934 1064 1981 suo
1083 1909 1167 2006 jure
1186 1933 1244 1981 re·
1288 2003 1290 2006 y

194 2034 311 2129 poscit
324 2058 366 2106 ac
380 2035 540 2108 vindicat
557 2061 678 2109 suum.
700 2035 914 2133 Cujusmodi
936 2035 1052 2107 multa
1076 2033 1243 2107 videmus

193 2157 251 2230 vel
264 2159 302 2230 in
317 2160 506 2234 comoediis
520 2176 555 2234 et
573 2161 775 2258 tragoediis,
793 2176 835 2233 ut
853 2186 895 2233 ea
911 2161 1064 2232 Enniani
1080 2159 1244 2234 Telamo·

193 2283 249 2355 nis
267 2282 401 2382 quibus
420 2287 593 2386 populus,
614 2302 705 2359 teste
723 2286 839 2358 Tullio
858 2286 933 2385 (2),
957 2309 1089 2383 magno
1114 2283 1245 2382 plausu

198 2409 483 2502 assentiebatur,

298 2608 356 2683 Ego
368 2607 454 2667 deum
465 2623 553 2684 genus
565 2623 625 2667 esse
639 2622 751 2681 semper
763 2606 819 2665 dixi
835 2614 864 2664 et
875 2604 966 2663 dicam
976 2605 1111 2672 coelitum‚

298 2698 353 2756 Sed
365 2714 414 2757 eos
424 2714 482 2757 non
496 2713 593 2758 curare
605 2697 705 2771 opinor
716 2696 783 2771 quid
798 2704 862 2771 agat
875 2694 1021 2754 hominum
1035 2710 1137 2769 genus3

194 2871 231 2947 in
252 2875 386 2975 quibus
405 2877 612 2950 Lucretium
639 2878 760 2976 ipsum
790 2873 917 2947 audire
945 2887 982 2946 te
1004 2871 1150 2965 credas,
1176 2869 1245 2944 nisi

194 3002 300 3075 metri
318 3003 505 3076 interesset
526 3001 780 3102 discrepantia.
799 2998 870 3072 Sed
889 2997 934 3072 de
946 2998 1005 3070 his
1017 2997 1207 3071 hactenus.

243 3132 335 3201 Sunt
348 3143 471 3201 autem
483 3112 543 3199 alii
556 3127 655 3226 apud
667 3130 823 3218 Graecos,
846 3139 888 3197 ut
898 3123 985 3215 dixi,
1004 3138 1134 3222 poetae,
1152 3147 1245 3221 quos

193 3254 466 3353 praetermittere
480 3269 517 3326 et
533 3254 688 3326 transire
701 3251 803 3326 nefas
817 3251 875 3344 sit,
895 3251 1031 3349 quippe
1050 3249 1114 3346 qui
1128 3261 1244 3320 artem

194 3378 437 3479 philosophici
455 3373 634 3479 poematis
661 3377 924 3465 inchoaverint,
947 3398 1058 3473 seque
1075 3373 1244 3446 Lucretio

192 3503 412 3604 praebuerint
437 3501 647 3595 imitandos,
665 3501 920 3601 Xenophanes,
942 3514 978 3572 et
998 3496 1241 3592 Parmenides,

194 3643 231 3702 et
252 3629 503 3729 Empedocles,
526 3652 688 3727 quorum
713 3627 838 3701 accisae
862 3625 1025 3723 reliquiae
1050 3622 1171 3696 adhuc
1191 3620 1244 3694 le·

193 3769 341 3851 guntur.
360 3759 488 3828 Poetas
508 3753 605 3846 dico,
632 3777 726 3852 quos
750 3751 880 3824 melius
901 3765 994 3824 esset
1005 3745 1246 3848 philosophos

235 4016 274 4094 (t)
296 4013 358 4077 Cic.
381 4013 420 4075 de
437 4015 509 4076 Nat.
526 4012 619 4074 Deor.
640 4012 664 4088 1,
680 4011 730 4073 38.
753 4007 846 4072 Cont.
870 4008 968 4072 Clam.
987 4007 1073 4073 Alex.
1090 4005 1205 4071 strom.
1221 4005 1246 4081 1,

194 4129 226 4193 p.
242 4113 300 4175 397
313 4111 374 4193 (ed.
389 4109 499 4191 Oxou.)
512 4125 522 4190 3
540 4108 627 4171 Suid.
643 4107 676 4169 in
689 4107 815 4190 Ὀρφεύς.
910 4184 913 4189 .

233 4211 274 4289 (2)
288 4209 350 4273 Cic.
368 4209 406 4271 de
418 4210 524 4270 Dicin.
537 4207 572 4285 ΙΙ,
593 4207 643 4267 50.
