2886 4890
438 461 629 512 counitione
648 461 933 513 annumeranda.
1179 467 1208 515 (tl

161 600 304 680 tempus
319 585 415 673 terit,
435 583 497 654 sed
514 585 577 680 qui
594 598 714 655 mente
727 599 839 680 atque
853 585 975 656 arrium
989 587 1113 655 onmia
1128 611 1208 681 quae

160 733 244 778 vera
263 724 347 779 sunt
365 708 631 807 complectitur,
656 724 693 780 et
711 734 792 805 quae
813 708 966 779 amanda
987 725 1071 779 sunt
1089 726 1205 796 amat,

159 848 196 903 et
212 857 296 930 quae
315 831 527 902 admiranda
546 832 759 904 admiratur.

208 963 255 1028 Ea
274 981 406 1054 nempe
424 981 546 1027 rerum
565 956 797 1052 intelligentia
817 981 908 1052 quas
926 982 1001 1028 nou
1021 958 1117 1030 videt
1135 975 1207 1030 ter-

159 1106 329 1152 renorum
340 1080 530 1152 oculorum
540 1080 1059 1177 aeiesLueretium,Virgilium
1070 1109 1208 1156 omnes·

158 1231 230 1301 que
243 1230 348 1276 veros
361 1219 487 1302 poetas
503 1203 549 1274 ad
565 1203 601 1274 id
618 1204 719 1275 duxit
737 1218 777 1274 ut
793 1229 918 1275 sensus
932 1220 1043 1301 atque
1056 1207 1208 1279 allectus

139 1327 338 1400 humanos
359 1352 517 1426 persaepe
545 1328 601 1398 vel
626 1328 663 1398 in
690 1328 857 1398 inanimis
883 1328 1104 1425 effingerent.
1134 1334 1206 1420 Qui

157 1455 254 1524 enim
276 1479 360 1524 curn
382 1478 457 1523 non
478 1452 646 1523 animalia
668 1467 809 1523 tanturn
830 1455 1002 1542 amantia,
1028 1456 1204 1544 timentia,

156 1576 316 1648 dolentia
346 1576 560 1666 ostendunt,
595 1575 660 1647 sed
690 1577 747 1648 vel
776 1575 967 1648 arboribus
1002 1603 1044 1650 ac
1074 1580 1207 1678 plantis

157 1700 337 1797 quidquid
358 1701 426 1798 ipsi
447 1701 633 1786 sentimuS,
660 1716 701 1771 ut
724 1701 773 1770 ita
796 1701 930 1790 dicam,
954 1704 1204 1787 commodant,

156 1823 246 1921 quid
271 1824 371 1896 aliud
397 1850 507 1921 quam
533 1824 739 1922 percipiunt
762 1840 874 1921 atque
896 1826 1103 1923 exprimunt
1126 1853 1205 1899 eam

156 1975 388 2021 communem
410 1950 575 2021 omnium
600 1974 723 2021 rerum
746 1953 858 2020 vitam
882 1975 963 2046 quae
983 1976 1049 2048 per
1068 1951 1207 2048 singula

156 2073 322 2144 immensi
335 2075 499 2172 corporis
514 2071 676 2144 membra
690 2074 895 2144 commeat?
911 2073 1021 2161 Quod
1034 2099 1109 2145 non
1126 2101 1206 2147 ora·

156 2197 265 2268 tionis
282 2197 435 2268 artificio
455 2196 556 2292 fingit
576 2212 687 2293 atque
706 2196 880 2267 mentitur
898 2213 1018 2294 poeta,
1045 2198 1108 2269 sed
1128 2199 1205 2298 ple-

157 2346 312 2418 rumque
328 2321 462 2392 inscius
480 2337 517 2392 et
533 2321 679 2409 invitus,
700 2321 851 2418 proprio
870 2321 999 2392 mentis
1018 2322 1204 2413 instinctu,
1262 2320 1266 2327 ’

155 2470 197 2515 ac
213 2444 335 2516 divino
353 2439 415 2517 illo
432 2444 531 2516 velut
545 2444 682 2534 afflatu,
703 2447 779 2515 sine
797 2470 871 2541 quo
890 2445 1071 2517 neminem
1086 2447 1205 2517 virum

157 2593 325 2666 magnum
346 2593 422 2640 esse
443 2594 484 2639 ac
505 2570 686 2666 praecipue
701 2582 848 2667 poetam
868 2567 1007 2639 bouum
1022 2570 1204 2642 neminem

157 2691 313 2763 affirmat
329 2692 465 2763 Tullius
485 2698 497 2786 (
524 2692 550 2789 l.

204 2817 291 2888 lnde
319 2818 459 2906 omnia,
494 2817 597 2913 quasi
625 2816 796 2913 spirantia
828 2841 870 2887 ae
901 2816 1074 2907 viventia,
1107 2835 1205 2890 amat

154 2956 276 3039 poeta,
302 2957 343 3012 ut
368 2946 465 3012 Deus
489 2942 565 3039 ipse
587 2950 684 3010 amat
709 2965 789 3036 quae
814 2941 950 3012 creavit
974 2966 1015 3012 ac
1038 2944 1202 3014 sustinet.

154 3069 271 3153 Quam
290 3066 454 3136 omnium
473 3089 595 3135 rerum
609 3064 818 3151 fraternam,
837 3080 877 3135 ut
892 3065 942 3135 ita
958 3066 1090 3156 dicam,
1108 3067 1204 3137 cari-

155 3203 265 3259 tatem
291 3191 328 3259 in
355 3189 502 3283 Virgilio
529 3213 656 3259 omnes
681 3189 801 3258 mirati
827 3203 930 3279 sunt3
962 3196 1084 3259 ea'est
1107 3190 1204 3261 enim

154 3313 437 3411 praestantissimi
449 3327 565 3410 poetae
575 3314 678 3408 quasi
688 3312 833 3410 propria
847 3312 937 3398 laus,
955 3337 1027 3409 qua
1038 3330 1204 3384 nostrum

154 3462 316 3508 amorem
335 3438 411 3535 ipse
428 3461 501 3507 non
522 3437 643 3506 minus
664 3460 775 3532 quam
799 3436 1075 3508 admirationem
1093 3440 1200 3536 rapit.
1251 3460 1256 3465 ·

153 3560 223 3631 Sed
241 3587 321 3633 eam
341 3563 377 3632 in
397 3562 563 3632 Lucretio
582 3560 688 3630 multi
706 3585 780 3630 non
798 3576 1036 3654 agnoverunt,
1056 3561 1201 3656 injuria,

154 3685 191 3754 ni
218 3710 275 3756 me
299 3685 399 3756 sallat
423 3685 560 3782 opinio.
594 3690 672 3755 Non
698 3684 793 3753 enirn
818 3685 1071 3755 Memmiadem
1091 3686 1202 3756 modo

153 3834 261 3880 suurn
272 3812 375 3880 suavi
385 3811 544 3880 auricilla
556 3807 657 3899 colit,
672 3807 736 3880 sed
751 3823 787 3878 et
800 3808 966 3879 mortales
979 3834 1094 3908 aegros
1105 3824 1203 3879 amat

153 3960 312 4031 quornm
327 3949 483 4005 terrores
501 3948 610 4030 atque
627 3933 843 4029 cupiditates
856 3935 1132 4005 commiseratur
1146 3932 1204 4004 vel

196 4209 235 4284 (ll
259 4207 328 4280 Cio,
342 4208 378 4268 tle
393 4208 462 4270 Not.
474 4209 576 4278 Deon,
591 4209 629 4280 ll,
647 4209 695 4268 66.
717 4209 759 4267 De
776 4211 873 4279 Oret,
888 4209 927 4280 ll,
943 4213 989 4268 aa,
