2886 4890
471 438 662 489 CONDlTlONE
680 438 761 489 APUD
779 436 968 490 LUClllI‘l'lUll.
1211 437 1244 486 25

240 557 348 648 Quod
358 583 432 629 non
444 556 583 627 ratione
596 570 752 644 tantum,
767 554 829 627 sed
842 568 878 626 et
890 552 1054 652 exemplo
1067 551 1245 650 potuisset

191 685 369 773 evincere,
387 683 416 753 si
432 706 513 777 erga
528 680 737 752 Lucretium
748 680 857 779 paulo
871 679 1010 777 aequior
1021 677 1158 768 fuisset,
1176 700 1243 747 nec

192 824 338 908 poetam
363 832 447 879 cum
472 805 616 903 Epicuri
641 804 837 903 discipulo,
865 829 1010 875 causam
1037 804 1242 876 communi·

193 932 322 1022 cando,
334 931 438 1002 simul
453 928 777 1002 condemnavisset.
795 930 884 1017 Quis
896 930 991 1000 enim
1005 953 1079 1000 non
1091 928 1243 999 miretur

192 1083 272 1129 eam
284 1056 411 1153 judicii
428 1057 668 1141 severitatem,
686 1053 743 1126 vel
757 1055 879 1152 potius
895 1053 1089 1150 injuriam?
1105 1058 1243 1150 Nempe

181 1207 308 1280 ⁴quum
329 1182 365 1252 in
386 1181 553 1252 Lucretio
572 1181 762 1252 Cicerones
786 1178 895 1250 ambo
927 1208 945 1245 <t
971 1177 1085 1249 multa
1106 1178 1245 1249 lumina

193 1306 338 1402 ingenii,
356 1305 508 1376 multam
521 1319 642 1376 tamen
658 1319 804 1376 artem»
821 1328 897 1376 esse
908 1304 1165 1375 concessissent
1176 1302 1242 1400 (1),

194 1456 309 1528 quum
325 1429 492 1531 eumdem
511 1429 756 1517 Quintilianus
780 1460 796 1495 t<
817 1429 1016 1526 elegantem
1032 1428 1069 1498 in
1088 1453 1154 1500 sua
1168 1453 1244 1499 ma-

194 1557 283 1627 teria
299 1586 316 1622 r>
329 1554 633 1654 pronuntiavisset
644 1555 709 1651 (2),
725 1579 838 1652 quum
852 1567 909 1625 tot
921 1568 1074 1643 veteres,
1085 1577 1245 1651 quorum

194 1680 537 1778 testimouiapraesto
546 1679 917 1769 sunt,nobilissimum
926 1702 1072 1750 carmen
1080 1677 1244 1750 certatim

194 1802 453 1894 laudavissent,
474 1807 511 1875 in
528 1829 572 1876 eo
591 1807 645 1875 vir
658 1819 782 1876 noster
796 1805 854 1876 vix
870 1803 963 1875 duos
980 1818 1043 1875 aut
1058 1818 1130 1874 tres
1146 1802 1247 1874 locos

194 1930 354 2026 agnoscit
372 1929 500 2025 dignos
522 1930 586 2027 qui
612 1944 728 2026 poetae
751 1930 977 2025 assignentur
996 1927 1062 2026 (3).
1089 1926 1196 2016 Quod
1217 1927 1246 1998 si

195 2081 247 2147 re,
271 2080 345 2127 non
363 2055 544 2151 religionis
562 2055 757 2146 calumnia,
774 2054 984 2151 judicasset,
1005 2054 1036 2125 si
1054 2055 1247 2126 attentiore

74 2199 81 2210 '
196 2205 237 2252 ac
261 2180 429 2252 liberiore
454 2195 573 2251 mente
594 2205 654 2251 eas
674 2180 973 2279 pervolutavisset
993 2179 1140 2279 paginas
1162 2178 1244 2269 ubi,

197 2321 236 2376 ut
255 2318 292 2376 et
310 2304 425 2375 multa
442 2304 544 2393 falsa,
567 2304 617 2375 ita
636 2303 739 2402 plura
758 2320 794 2376 et
813 2305 996 2376 verissima
1019 2319 1055 2375 et
1069 2302 1245 2403 ¹pulcher-

197 2432 287 2501 rima
310 2444 412 2519 sunt,
443 2430 499 2501 vix
525 2428 655 2501 dubito
679 2430 768 2527 quin
791 2428 1032 2505 admiratione
1057 2444 1187 2526 captus
1210 2443 1246 2500 et

197 2554 368 2654 abreptus
385 2559 531 2626 causam
550 2554 683 2651 injusto
702 2553 912 2652 praejudicio
930 2553 1170 2642 liberavisset,
1209 2568 1245 2624 et

198 2703 382 2776 magnum,
403 2678 478 2750 imo
498 2679 697 2750 maximum
707 2679 933 2751 salutavisset
947 2695 1109 2777 poetam,
1126 2703 1244 2776 quan·

196 2827 321 2902 quam,
342 2802 429 2875 vitio
447 2805 621 2901 temporis
639 2829 680 2875 ac
697 2804 809 2875 nimia
828 2828 911 2899 erga
929 2806 1141 2905 magistrum
1160 2805 1244 2902 Epi-

196 2953 327 2999 curum
345 2926 542 3019 docilitate,
563 2929 672 3000 tantis
687 2931 724 3000 in
742 2928 926 3001 erroribus
947 2943 1108 3001 versatus
1125 2928 1182 3000 sit.

237 3157 277 3242 (l)
307 3158 469 3222 «Lucretii
484 3165 636 3241 poemata,
652 3167 685 3222 ut
700 3161 817 3235 scribis,
834 3159 876 3224 ita
891 3168 972 3236 sunt,
989 3168 1049 3223 etc.
1068 3183 1082 3218 r
1099 3161 1139 3225 M.
1154 3160 1245 3222 Tullii

198 3257 237 3319 ad
257 3257 404 3330 Quintum
425 3257 549 3321 fratrem
566 3277 615 3339 ep.
634 3259 670 3335 ll,
694 3259 745 3321 XI.
765 3258 824 3321 Ubi
849 3253 1012 3322 doctissimi
1031 3257 1086 3322 viri
1103 3258 1129 3320 J.
1143 3260 1181 3321 V.
1206 3260 1246 3322 le

199 3358 286 3419 clerc
299 3356 439 3420 notulam
452 3356 533 3420 vide.
576 3351 578 3356 ⁸

238 3457 277 3530 (2)
301 3455 432 3517 lustitut
442 3462 520 3519 orat.
536 3457 573 3530 X,
592 3459 621 3516 l.

242 3552 282 3633 (3)
307 3552 474 3615 Memoires
500 3553 539 3615 de
564 3552 752 3616 l'Academie
779 3553 832 3616 des
856 3554 1051 3636 inscriptions
1076 3562 1107 3618 et
1134 3556 1245 3618 hellesa

188 3651 311 3741 lettres,
331 3655 370 3714 1η
386 3651 476 3729 serie,
492 3653 525 3712 T.
539 3653 603 3728 XII,
621 3671 650 3732 p.
667 3654 733 3714 132.
