2886 4890
204 457 233 505 14
500 453 541 504 DE
557 452 772 506 runosorfflcl
788 454 945 507 Portunus

201 573 332 662 dicere,
351 572 593 648 nobilissimos
607 574 757 673 quidem
770 590 807 647 et
820 574 941 648 studio
959 575 1200 674 dignissimos.
1220 581 1248 648 E

200 697 335 798 quibus
351 698 426 772 duo
445 700 554 798 primi
572 726 647 773 non
662 701 819 792 delectu,
842 700 904 773 sed
923 703 1148 795 necessitate,
1168 726 1251 774 ver·

200 823 299 897 sibus
315 824 498 899 doctrinas
516 852 600 900 suas
617 828 917 920 enuntiaverunt,
938 827 1050 928 idque
1068 827 1150 900 ideo
1168 842 1250 900 tan·

201 963 278 1021 tum
299 965 341 1022 ut
353 950 526 1024 docerent
539 950 739 1042 audientes,
749 977 824 1025 non
834 968 876 1025 ut
887 951 1121 1042 delectarent,
1133 978 1248 1051 quum

199 1075 290 1147 nulli
301 1076 358 1149 vel
373 1076 500 1149 saltem
515 1077 623 1176 pauci
637 1076 707 1149 illis
725 1075 951 1175 temporibus
961 1102 1070 1176 prosa
1084 1077 1249 1149 oratione

200 1199 409 1287 scriberent,
422 1226 465 1274 ac
475 1201 615 1301 primus
623 1207 849 1299 Anaxagoras
856 1201 1130 1302 philosophiam
1143 1200 1250 1300 pede·

200 1326 375 1404 stremire
387 1326 554 1400 docuerit
572 1328 639 1426 (l)
661 1328 764 1401 Unde
777 1327 888 1427 paulo
907 1327 1068 1428 iniquius
1086 1327 1133 1399 sit
1150 1351 1250 1399 sum·

200 1450 269 1523 mis
291 1451 376 1524 viris
398 1451 487 1526 vitio
509 1467 650 1527 vertere
672 1454 704 1527 si
722 1454 886 1554 poeticos
905 1454 1047 1552 lepores
1066 1451 1165 1552 apud
1186 1477 1250 1524 eos

201 1575 440 1674 requiramus.
459 1578 567 1667 Quod
577 1594 619 1651 ut
632 1580 670 1659 in
681 1579 906 1678 Xenophane
915 1578 1023 1678 plane
1037 1576 1248 1666 concedam,

199 1699 388 1799 Tullioque
419 1703 594 1776 assentiar
623 1707 741 1775 minus
766 1703 875 1776 bonos
901 1729 976 1776 esse
997 1702 1176 1799 judicanti
1193 1700 1249 1799 (2)

200 1850 262 1899 eos
292 1852 417 1900 versus
445 1853 539 1927 quos
570 1829 819 1929 Colophonius
854 1853 960 1902 senex
989 1825 1141 1900 fortasse
1173 1851 1249 1898 non

199 1952 353 2052 scripsit,
369 1952 446 2042 sed,
466 1970 508 2027 ut
524 1953 637 2027 verbo
654 1955 822 2052 Diogenis
838 1969 933 2044 utar,
951 1947 1163 2051 ἐῤῥαψώδησεν
1178 1951 1246 2050 (3),

199 2077 248 2148 ita
267 2076 380 2149 nolim
401 2078 448 2150 ad
469 2078 718 2152 Parmenidem
738 2077 945 2153 redundare
970 2077 1156 2149 duriorem
1175 2077 1248 2149 exi-

199 2203 465 2295 stimationem,
486 2220 523 2277 et
551 2205 720 2279 Proclum
749 2207 852 2278 nimii
878 2203 1011 2276 fastidii
1041 2202 1248 2275 insimulem

199 2354 316 2428 quum
334 2329 468 2403 scribat
485 2356 570 2404 eum
585 2355 692 2429 prosa
706 2332 830 2431 potius
849 2354 962 2430 quam
977 2330 1123 2428 poetica
1143 2328 1246 2426 loqui

200 2455 365 2528 oratione
379 2455 443 2554 (4).

248 2581 358 2678 Cujus
381 2606 427 2655 ne
445 2582 483 2654 in
506 2581 691 2680 praestanti
712 2580 775 2654 illo
798 2606 841 2654 ac
858 2578 1049 2679 magnifico
1067 2579 1248 2678 prooemio

198 2733 404 2782 commorer
427 2706 474 2781 ab
492 2707 571 2781 aliis
585 2705 662 2805 jam
676 2706 761 2780 satis
773 2705 937 2798 laudato,
952 2705 999 2777 de
1011 2728 1055 2777 eo
1073 2718 1196 2775 tamen
1209 2701 1245 2774 id

197 2833 358 2931 primum
376 2832 484 2905 velim
501 2833 633 2926 dicere,
650 2831 735 2904 inde
754 2831 905 2904 sortasse
919 2831 957 2902 in
975 2829 1072 2902 hanc
1085 2842 1246 2901 mentem

198 2958 402 3032 Lucretium
426 2957 618 3030 inductum
645 2956 753 3028 fuisse
776 2971 875 3028 utet
896 2955 973 3054 ipse
998 2953 1159 3054 poemati
1178 2976 1246 3024 suo

197 3083 334 3180 insigne
364 3081 668 3182 splendidumque
697 3079 898 3168 exordium,
923 3093 984 3170 et,
1005 3078 1035 3149 si
1058 3076 1246 3180 Pindarice

200 3206 300 3305 loqui
320 3207 438 3298 liceat,
464 3205 613 3306 τηλαυγὲς
639 3209 797 3305 πρόσωπον
820 3215 1059 3304 praeponeret.
1085 3200 1182 3290 Quin
1210 3214 1247 3272 et

198 3330 290 3404 duos
304 3331 465 3429 ejusdem
479 3330 649 3432 prooemii
658 3329 760 3403 locos
773 3329 925 3401 latinum
942 3341 1089 3426 poetam
1103 3348 1245 3424 expres·

198 3456 282 3528 sisse
295 3456 522 3546 crediderim,
540 3481 669 3530 currus
681 3479 813 3556 nempe
825 3453 1033 3554 praeclaram
1050 3449 1244 3548 imaginem

235 3662 278 3741 (t)
299 3660 387 3744 Diog.
402 3663 498 3724 Laert.
515 3663 551 3738 Π,
567 3665 599 3737 3,
617 3663 646 3724 8.
667 3661 762 3724 Glem.
782 3659 867 3722 Alex.
888 3658 999 3721 Strom.
1013 3656 1039 3732 1,
1054 3672 1086 3735 p.
1102 3654 1161 3716 364
1180 3649 1242 3730 (ed.

196 3755 309 3838 Oxou).
319 3758 364 3818 Ita
371 3773 494 3818 carmen
503 3754 541 3818 de
551 3755 763 3836 Astrologicis,
783 3760 862 3817 teste
873 3755 1024 3835 Diogene,
1043 3747 1157 3811 Thales
1172 3745 1245 3809 scri-

195 3857 306 3933 pserat,
323 3851 408 3914 idem
423 3849 550 3916 fortasse
565 3852 649 3932 quod
661 3851 770 3914 Suidas
783 3850 852 3932 Περὶ
863 3849 1016 3931 Μετεώρων
1031 3844 1183 3908 nominat.

235 3950 277 4032 (ἢ)
291 3950 355 4012 Cic.
371 3950 513 4013 Academ.
530 3951 553 4012 1.
568 3949 632 4012 Liv.
649 3952 686 4026 11,
703 3953 753 4014 23.

234 4047 275 4130 (3)
293 4047 380 4129 Dlog.
392 4049 490 4111 Laeti.
503 4049 554 4121 IX,
570 4051 600 4111 ἢ.
617 4046 696 4108 Ἀλλὰ
708 4048 753 4107 καὶ
768 4046 845 4114 αὐτὸς
859 4043 1005 4130 ἐῤῥαψώδιι
1017 4041 1053 4102 τὰ
1067 4043 1173 4101 ἑαυτοῦ.
1183 4038 1246 4102 Sed

194 4145 287 4227 paulo
297 4151 367 4208 anie
380 4144 493 4226 legitur
505 4145 621 4228 γέγραφε
634 4144 663 4205 dl
680 4145 726 4206 καὶ
739 4147 766 4206 ἐν
778 4143 868 4206 ἔπεσιν
876 4183 932 4206 .....

234 4245 275 4328 (t)
297 4245 434 4322 Proclus,
448 4246 481 4308 in
494 4247 578 4308 Plat.
596 4249 737 4308 Pernen.
749 4245 785 4308 T.
802 4244 852 4321 tv,
870 4262 903 4326 p.
915 4244 967 4306 62.
985 4237 1035 4324 (V.
1051 4235 1157 4320 Cous.)
