<?xml version="1.0" encoding="UTF-8"?>
<!DOCTYPE html PUBLIC "-//W3C//DTD XHTML 1.0 Transitional//EN"
    "http://www.w3.org/TR/xhtml1/DTD/xhtml1-transitional.dtd">
<html xmlns="http://www.w3.org/1999/xhtml" xml:lang="en" lang="en">
 <head>
  <title>
</title>
<meta http-equiv="Content-Type" content="text/html;charset=utf-8" />
  <meta name='ocr-system' content='tesseract 3.04.00' />
  <meta name='ocr-capabilities' content='ocr_page ocr_carea ocr_par ocr_line ocrx_word'/>
</head>
<body>
  <div class='ocr_page' id='page_1' title='image "./dephilosophicip00higngoog_0033.png"; bbox 0 0 2886 4890; ppageno 0'>
   <div class='ocr_carea' id='block_1_1' title="bbox 196 452 931 507">
    <p class='ocr_par' dir='ltr' id='par_1_1' title="bbox 196 452 931 507">
     <span class='ocr_line' id='line_1_1' title="bbox 196 452 931 507; baseline 0.005 -5"><span class='ocrx_word' id='word_1_1' title='bbox 196 454 228 502; x_wconf 81' lang='lat'>2¹2</span> <span class='ocrx_word' id='word_1_2' title='bbox 480 452 520 504; x_wconf 80' lang='lat' dir='ltr'>DE</span> <span class='ocrx_word' id='word_1_3' title='bbox 538 452 759 506; x_wconf 85' lang='lat' dir='ltr'>PHlLOSOPHlCI</span> <span class='ocrx_word' id='word_1_4' title='bbox 775 453 931 507; x_wconf 71' lang='lat' dir='ltr'>rotulus</span> 
     </span>
    </p>
   </div>
   <div class='ocr_carea' id='block_1_2' title="bbox 123 577 1259 3287">
    <p class='ocr_par' dir='ltr' id='par_1_2' title="bbox 196 577 1249 927">
     <span class='ocr_line' id='line_1_2' title="bbox 197 577 1248 673; baseline 0.005 -27"><span class='ocrx_word' id='word_1_5' title='bbox 197 599 386 647; x_wconf 84' lang='lat' dir='ltr'><strong>scenarum</strong></span> <span class='ocrx_word' id='word_1_6' title='bbox 406 577 660 673; x_wconf 87' lang='lat' dir='ltr'>compositam,</span> <span class='ocrx_word' id='word_1_7' title='bbox 681 601 792 673; x_wconf 90' lang='lat' dir='ltr'>quam</span> <span class='ocrx_word' id='word_1_8' title='bbox 807 593 841 649; x_wconf 91' lang='lat' dir='ltr'>et</span> <span class='ocrx_word' id='word_1_9' title='bbox 856 578 972 649; x_wconf 87' lang='lat' dir='ltr'>Latini</span> <span class='ocrx_word' id='word_1_10' title='bbox 986 578 1115 651; x_wconf 91' lang='lat' dir='ltr'>eodem</span> <span class='ocrx_word' id='word_1_11' title='bbox 1135 579 1248 652; x_wconf 88' lang='lat' dir='ltr'>verbo</span> 
     </span>
     <span class='ocr_line' id='line_1_3' title="bbox 196 698 1249 802; baseline 0.007 -32"><span class='ocrx_word' id='word_1_12' title='bbox 196 699 358 771; x_wconf 82' lang='lat' dir='ltr'>fabulam</span> <span class='ocrx_word' id='word_1_13' title='bbox 376 698 651 798; x_wconf 80' lang='lat' dir='ltr'>nuncupabant.</span> <span class='ocrx_word' id='word_1_14' title='bbox 675 704 767 798; x_wconf 89' lang='lat' dir='ltr'>Ergo</span> <span class='ocrx_word' id='word_1_15' title='bbox 789 700 836 772; x_wconf 91' lang='lat' dir='ltr'>ad</span> <span class='ocrx_word' id='word_1_16' title='bbox 856 717 970 775; x_wconf 89' lang='lat' dir='ltr'>totam</span> <span class='ocrx_word' id='word_1_17' title='bbox 988 708 1128 802; x_wconf 91' lang='lat' dir='ltr'>poesim</span> <span class='ocrx_word' id='word_1_18' title='bbox 1146 706 1249 802; x_wconf 92' lang='lat' dir='ltr'>quod</span> 
     </span>
     <span class='ocr_line' id='line_1_4' title="bbox 196 823 1247 927; baseline 0.005 -30"><span class='ocrx_word' id='word_1_19' title='bbox 196 825 241 897; x_wconf 92' lang='lat' dir='ltr'>de</span> <span class='ocrx_word' id='word_1_20' title='bbox 253 823 427 922; x_wconf 79' lang='lat' dir='ltr'>tragoedia</span> <span class='ocrx_word' id='word_1_21' title='bbox 439 837 583 895; x_wconf 88' lang='lat' dir='ltr'>tantum</span> <span class='ocrx_word' id='word_1_22' title='bbox 593 824 730 896; x_wconf 89' lang='lat' dir='ltr'>dictum</span> <span class='ocrx_word' id='word_1_23' title='bbox 746 841 824 897; x_wconf 89' lang='lat' dir='ltr'>erat</span> <span class='ocrx_word' id='word_1_24' title='bbox 835 829 1015 899; x_wconf 85' lang='lat' dir='ltr'>convertit</span> <span class='ocrx_word' id='word_1_25' title='bbox 1027 828 1247 927; x_wconf 86' lang='lat' dir='ltr'>Stephanus,</span> 
     </span>
    </p>

    <p class='ocr_par' dir='ltr' id='par_1_3' title="bbox 162 948 1250 1666">
     <span class='ocr_line' id='line_1_5' title="bbox 162 948 1249 1048; baseline 0.004 -26"><span class='ocrx_word' id='word_1_26' title='bbox 162 981 164 986; x_wconf 64' lang='grc'>’</span> <span class='ocrx_word' id='word_1_27' title='bbox 195 965 232 1022; x_wconf 92' lang='lat' dir='ltr'>et</span> <span class='ocrx_word' id='word_1_28' title='bbox 250 948 404 1021; x_wconf 89' lang='lat' dir='ltr'>verbum</span> <span class='ocrx_word' id='word_1_29' title='bbox 424 953 514 1045; x_wconf 78' lang='grc' dir='ltr'>μῦθος</span> <span class='ocrx_word' id='word_1_30' title='bbox 531 948 603 1020; x_wconf 93' lang='lat' dir='ltr'>alio</span> <span class='ocrx_word' id='word_1_31' title='bbox 619 949 727 1048; x_wconf 91' lang='lat' dir='ltr'>plane</span> <span class='ocrx_word' id='word_1_32' title='bbox 743 975 849 1021; x_wconf 91' lang='lat' dir='ltr'>sensu</span> <span class='ocrx_word' id='word_1_33' title='bbox 868 952 1042 1024; x_wconf 86' lang='lat' dir='ltr'>intellexit</span> <span class='ocrx_word' id='word_1_34' title='bbox 1060 978 1102 1024; x_wconf 89' lang='lat' dir='ltr'>ao</span> <span class='ocrx_word' id='word_1_35' title='bbox 1121 954 1249 1026; x_wconf 88' lang='lat' dir='ltr'>volue-</span> 
     </span>
     <span class='ocr_line' id='line_1_6' title="bbox 194 1073 1250 1175; baseline 0.005 -30"><span class='ocrx_word' id='word_1_36' title='bbox 194 1088 252 1145; x_wconf 91' lang='lat' dir='ltr'>rat</span> <span class='ocrx_word' id='word_1_37' title='bbox 279 1073 499 1146; x_wconf 87' lang='lat' dir='ltr'>Aristoteles.</span> <span class='ocrx_word' id='word_1_38' title='bbox 531 1073 639 1162; x_wconf 91' lang='lat' dir='ltr'>Quod</span> <span class='ocrx_word' id='word_1_39' title='bbox 668 1074 818 1147; x_wconf 87' lang='lat' dir='ltr'>fortasse</span> <span class='ocrx_word' id='word_1_40' title='bbox 846 1101 965 1174; x_wconf 84' lang='lat' dir='ltr'>operae</span> <span class='ocrx_word' id='word_1_41' title='bbox 993 1078 1151 1175; x_wconf 91' lang='lat' dir='ltr'>pretium</span> <span class='ocrx_word' id='word_1_42' title='bbox 1179 1079 1250 1150; x_wconf 86' lang='lat' dir='ltr'>fuit</span> 
     </span>
     <span class='ocr_line' id='line_1_7' title="bbox 196 1198 1249 1300; baseline 0.004 -30"><span class='ocrx_word' id='word_1_43' title='bbox 196 1222 409 1294; x_wconf 72' lang='lat' dir='ltr'>coarguere,</span> <span class='ocrx_word' id='word_1_44' title='bbox 451 1198 500 1268; x_wconf 92' lang='lat' dir='ltr'>ita</span> <span class='ocrx_word' id='word_1_45' title='bbox 536 1220 661 1268; x_wconf 92' lang='lat' dir='ltr'>rarum</span> <span class='ocrx_word' id='word_1_46' title='bbox 688 1213 800 1295; x_wconf 92' lang='lat' dir='ltr'>atque</span> <span class='ocrx_word' id='word_1_47' title='bbox 827 1200 1111 1299; x_wconf 82' lang='lat' dir='ltr'>inexspectatum</span> <span class='ocrx_word' id='word_1_48' title='bbox 1148 1202 1249 1300; x_wconf 90' lang='lat' dir='ltr'>apud</span> 
     </span>
     <span class='ocr_line' id='line_1_8' title="bbox 195 1320 1249 1420; baseline 0.004 -26"><span class='ocrx_word' id='word_1_49' title='bbox 195 1324 315 1396; x_wconf 88' lang='lat' dir='ltr'>virum</span> <span class='ocrx_word' id='word_1_50' title='bbox 348 1335 456 1393; x_wconf 86' lang='lat' dir='ltr'>tantae</span> <span class='ocrx_word' id='word_1_51' title='bbox 483 1320 657 1392; x_wconf 89' lang='lat' dir='ltr'>doctrinae</span> <span class='ocrx_word' id='word_1_52' title='bbox 690 1324 855 1419; x_wconf 86' lang='lat' dir='ltr'>tantique</span> <span class='ocrx_word' id='word_1_53' title='bbox 884 1324 1032 1420; x_wconf 86' lang='lat' dir='ltr'>judicii,</span> <span class='ocrx_word' id='word_1_54' title='bbox 1068 1339 1109 1397; x_wconf 88' lang='lat' dir='ltr'>ut</span> <span class='ocrx_word' id='word_1_55' title='bbox 1143 1326 1249 1398; x_wconf 88' lang='lat' dir='ltr'>facile</span> 
     </span>
     <span class='ocr_line' id='line_1_9' title="bbox 196 1445 1249 1547; baseline 0.001 -28"><span class='ocrx_word' id='word_1_56' title='bbox 196 1445 344 1519; x_wconf 91' lang='lat' dir='ltr'>credam</span> <span class='ocrx_word' id='word_1_57' title='bbox 375 1446 478 1516; x_wconf 92' lang='lat' dir='ltr'>illum</span> <span class='ocrx_word' id='word_1_58' title='bbox 506 1460 570 1517; x_wconf 88' lang='lat' dir='ltr'>aut</span> <span class='ocrx_word' id='word_1_59' title='bbox 596 1446 709 1537; x_wconf 92' lang='lat' dir='ltr'>male,</span> <span class='ocrx_word' id='word_1_60' title='bbox 743 1463 807 1520; x_wconf 89' lang='lat' dir='ltr'>aut</span> <span class='ocrx_word' id='word_1_61' title='bbox 828 1449 951 1547; x_wconf 92' lang='lat' dir='ltr'>potius</span> <span class='ocrx_word' id='word_1_62' title='bbox 978 1448 1106 1521; x_wconf 91' lang='lat' dir='ltr'>alienis</span> <span class='ocrx_word' id='word_1_63' title='bbox 1132 1450 1249 1522; x_wconf 89' lang='lat' dir='ltr'>oculis</span> 
     </span>
     <span class='ocr_line' id='line_1_10' title="bbox 197 1570 765 1666; baseline -0.002 -24"><span class='ocrx_word' id='word_1_64' title='bbox 197 1571 296 1643; x_wconf 89' lang='lat' dir='ltr'>hunc</span> <span class='ocrx_word' id='word_1_65' title='bbox 316 1570 467 1642; x_wconf 86' lang='lat' dir='ltr'>Poeticae</span> <span class='ocrx_word' id='word_1_66' title='bbox 485 1571 609 1642; x_wconf 92' lang='lat' dir='ltr'>locum</span> <span class='ocrx_word' id='word_1_67' title='bbox 628 1570 765 1666; x_wconf 85' lang='lat' dir='ltr'>legisse.</span> 
     </span>
    </p>

    <p class='ocr_par' dir='ltr' id='par_1_4' title="bbox 193 1696 1248 2790">
     <span class='ocr_line' id='line_1_11' title="bbox 246 1696 1246 1795; baseline 0 -27"><span class='ocrx_word' id='word_1_68' title='bbox 246 1703 331 1768; x_wconf 88' lang='lat' dir='ltr'>Erat</span> <span class='ocrx_word' id='word_1_69' title='bbox 349 1697 446 1767; x_wconf 88' lang='lat' dir='ltr'>enim</span> <span class='ocrx_word' id='word_1_70' title='bbox 465 1697 502 1765; x_wconf 93' lang='lat' dir='ltr'>in</span> <span class='ocrx_word' id='word_1_71' title='bbox 522 1696 704 1784; x_wconf 88' lang='lat' dir='ltr'>manibus,</span> <span class='ocrx_word' id='word_1_72' title='bbox 727 1711 768 1766; x_wconf 90' lang='lat' dir='ltr'>ut</span> <span class='ocrx_word' id='word_1_73' title='bbox 789 1696 933 1795; x_wconf 84' lang='lat' dir='ltr'>opinor,</span> <span class='ocrx_word' id='word_1_74' title='bbox 952 1698 1032 1769; x_wconf 89' lang='lat' dir='ltr'>ltali</span> <span class='ocrx_word' id='word_1_75' title='bbox 1055 1697 1246 1793; x_wconf 87' lang='lat' dir='ltr'>cujusdam</span> 
     </span>
     <span class='ocr_line' id='line_1_12' title="bbox 195 1820 1245 1920; baseline -0.001 -26"><span class='ocrx_word' id='word_1_76' title='bbox 195 1822 355 1896; x_wconf 91' lang='lat' dir='ltr'>hominis</span> <span class='ocrx_word' id='word_1_77' title='bbox 365 1820 410 1893; x_wconf 94' lang='lat' dir='ltr'>de</span> <span class='ocrx_word' id='word_1_78' title='bbox 423 1820 623 1892; x_wconf 87' lang='lat' dir='ltr'>Aristotelis</span> <span class='ocrx_word' id='word_1_79' title='bbox 636 1821 779 1891; x_wconf 89' lang='lat' dir='ltr'>Poetica</span> <span class='ocrx_word' id='word_1_80' title='bbox 791 1821 1059 1920; x_wconf 90' lang='lat' dir='ltr'>explanatorius</span> <span class='ocrx_word' id='word_1_81' title='bbox 1072 1821 1164 1893; x_wconf 92' lang='lat' dir='ltr'>liber</span> <span class='ocrx_word' id='word_1_82' title='bbox 1177 1824 1191 1917; x_wconf 87' lang='lat'>(</span> <span class='ocrx_word' id='word_1_83' title='bbox 1217 1824 1245 1920; x_wconf 81' lang='lat'>),</span> 
     </span>
     <span class='ocr_line' id='line_1_13' title="bbox 197 1945 1248 2046; baseline -0.001 -27"><span class='ocrx_word' id='word_1_84' title='bbox 197 1945 316 2046; x_wconf 91' lang='lat' dir='ltr'>quiid</span> <span class='ocrx_word' id='word_1_85' title='bbox 335 1946 509 2045; x_wconf 89' lang='lat' dir='ltr'>temporis</span> <span class='ocrx_word' id='word_1_86' title='bbox 528 1946 728 2043; x_wconf 91' lang='lat' dir='ltr'>plurimum</span> <span class='ocrx_word' id='word_1_87' title='bbox 749 1945 843 2016; x_wconf 84' lang='lat' dir='ltr'>lama</span> <span class='ocrx_word' id='word_1_88' title='bbox 862 1946 1017 2035; x_wconf 83' lang='lat' dir='ltr'>valebat,</span> <span class='ocrx_word' id='word_1_89' title='bbox 1040 1962 1076 2018; x_wconf 91' lang='lat' dir='ltr'>et</span> <span class='ocrx_word' id='word_1_90' title='bbox 1094 1972 1115 2018; x_wconf 92' lang='lat' dir='ltr'>a</span> <span class='ocrx_word' id='word_1_91' title='bbox 1132 1946 1248 2046; x_wconf 93' lang='lat' dir='ltr'>pluri-</span> 
     </span>
     <span class='ocr_line' id='line_1_14' title="bbox 196 2069 1246 2169; baseline -0.001 -25"><span class='ocrx_word' id='word_1_92' title='bbox 196 2072 278 2163; x_wconf 85' lang='lat' dir='ltr'>buS,</span> <span class='ocrx_word' id='word_1_93' title='bbox 298 2087 340 2143; x_wconf 95' lang='lat' dir='ltr'>ut</span> <span class='ocrx_word' id='word_1_94' title='bbox 357 2072 486 2169; x_wconf 78' lang='lat' dir='ltr'>saepius</span> <span class='ocrx_word' id='word_1_95' title='bbox 498 2069 553 2160; x_wconf 88' lang='lat' dir='ltr'>fit,</span> <span class='ocrx_word' id='word_1_96' title='bbox 573 2095 684 2167; x_wconf 92' lang='lat' dir='ltr'>quam</span> <span class='ocrx_word' id='word_1_97' title='bbox 699 2070 775 2169; x_wconf 91' lang='lat' dir='ltr'>ipse</span> <span class='ocrx_word' id='word_1_98' title='bbox 789 2071 962 2167; x_wconf 89' lang='lat' dir='ltr'>Stagiritae</span> <span class='ocrx_word' id='word_1_99' title='bbox 975 2069 1132 2154; x_wconf 91' lang='lat' dir='ltr'>libellus,</span> <span class='ocrx_word' id='word_1_100' title='bbox 1151 2072 1246 2167; x_wconf 90' lang='lat' dir='ltr'>lege-</span> 
     </span>
     <span class='ocr_line' id='line_1_15' title="bbox 195 2193 1244 2293; baseline 0.001 -27"><span class='ocrx_word' id='word_1_101' title='bbox 195 2195 323 2282; x_wconf 82' lang='lat' dir='ltr'>batur3</span> <span class='ocrx_word' id='word_1_102' title='bbox 345 2195 494 2292; x_wconf 92' lang='lat' dir='ltr'>dignum</span> <span class='ocrx_word' id='word_1_103' title='bbox 516 2219 601 2266; x_wconf 88' lang='lat' dir='ltr'>sane</span> <span class='ocrx_word' id='word_1_104' title='bbox 620 2193 809 2266; x_wconf 93' lang='lat' dir='ltr'>hominem</span> <span class='ocrx_word' id='word_1_105' title='bbox 827 2193 886 2265; x_wconf 87' lang='lat' dir='ltr'>oui</span> <span class='ocrx_word' id='word_1_106' title='bbox 905 2195 1139 2293; x_wconf 91' lang='lat' dir='ltr'>popularium</span> <span class='ocrx_word' id='word_1_107' title='bbox 1159 2220 1244 2268; x_wconf 88' lang='lat' dir='ltr'>suo·</span> 
     </span>
     <span class='ocr_line' id='line_1_16' title="bbox 195 2316 1246 2416; baseline -0.002 -25"><span class='ocrx_word' id='word_1_108' title='bbox 195 2346 279 2392; x_wconf 92' lang='lat' dir='ltr'>rum</span> <span class='ocrx_word' id='word_1_109' title='bbox 305 2319 351 2391; x_wconf 92' lang='lat' dir='ltr'>de</span> <span class='ocrx_word' id='word_1_110' title='bbox 381 2316 651 2390; x_wconf 87' lang='lat' dir='ltr'>traductoribus</span> <span class='ocrx_word' id='word_1_111' title='bbox 677 2343 719 2389; x_wconf 89' lang='lat' dir='ltr'>ao</span> <span class='ocrx_word' id='word_1_112' title='bbox 747 2318 984 2390; x_wconf 91' lang='lat' dir='ltr'>traditoribus</span> <span class='ocrx_word' id='word_1_113' title='bbox 1009 2319 1246 2416; x_wconf 92' lang='lat' dir='ltr'>proverbium</span> 
     </span>
     <span class='ocr_line' id='line_1_17' title="bbox 195 2440 1247 2540; baseline -0.002 -24"><span class='ocrx_word' id='word_1_114' title='bbox 195 2440 384 2516; x_wconf 88' lang='lat' dir='ltr'>inuratur!</span> <span class='ocrx_word' id='word_1_115' title='bbox 416 2447 535 2530; x_wconf 90' lang='lat' dir='ltr'>Quem</span> <span class='ocrx_word' id='word_1_116' title='bbox 564 2442 754 2513; x_wconf 88' lang='lat' dir='ltr'>manifesto</span> <span class='ocrx_word' id='word_1_117' title='bbox 787 2457 887 2540; x_wconf 89' lang='lat' dir='ltr'>patet</span> <span class='ocrx_word' id='word_1_118' title='bbox 912 2443 964 2513; x_wconf 94' lang='lat' dir='ltr'>illi</span> <span class='ocrx_word' id='word_1_119' title='bbox 984 2444 1081 2540; x_wconf 88' lang='lat' dir='ltr'>genti</span> <span class='ocrx_word' id='word_1_120' title='bbox 1103 2444 1247 2540; x_wconf 92' lang='lat' dir='ltr'>illisque</span> 
     </span>
     <span class='ocr_line' id='line_1_18' title="bbox 193 2565 1243 2665; baseline -0.002 -25"><span class='ocrx_word' id='word_1_121' title='bbox 193 2565 420 2665; x_wconf 89' lang='lat' dir='ltr'>temporibus</span> <span class='ocrx_word' id='word_1_122' title='bbox 435 2567 616 2662; x_wconf 88' lang='lat' dir='ltr'>scripsisse</span> <span class='ocrx_word' id='word_1_123' title='bbox 630 2590 711 2663; x_wconf 91' lang='lat' dir='ltr'>quae</span> <span class='ocrx_word' id='word_1_124' title='bbox 726 2567 833 2638; x_wconf 92' lang='lat' dir='ltr'>unice</span> <span class='ocrx_word' id='word_1_125' title='bbox 849 2566 1053 2638; x_wconf 85' lang='lat' dir='ltr'>delectabat</span> <span class='ocrx_word' id='word_1_126' title='bbox 1070 2567 1243 2659; x_wconf 87' lang='lat' dir='ltr'>Ariostus,</span> 
     </span>
     <span class='ocr_line' id='line_1_19' title="bbox 193 2691 1246 2790; baseline 0.001 -25"><span class='ocrx_word' id='word_1_127' title='bbox 193 2691 436 2790; x_wconf 90' lang='lat' dir='ltr'>lepidissimus</span> <span class='ocrx_word' id='word_1_128' title='bbox 463 2714 548 2761; x_wconf 90' lang='lat' dir='ltr'>sane</span> <span class='ocrx_word' id='word_1_129' title='bbox 578 2704 688 2786; x_wconf 90' lang='lat' dir='ltr'>atque</span> <span class='ocrx_word' id='word_1_130' title='bbox 718 2691 1001 2786; x_wconf 88' lang='lat' dir='ltr'>elegantissimus</span> <span class='ocrx_word' id='word_1_131' title='bbox 1026 2707 1152 2790; x_wconf 90' lang='lat' dir='ltr'>poeta,</span> <span class='ocrx_word' id='word_1_132' title='bbox 1183 2695 1246 2766; x_wconf 92' lang='lat' dir='ltr'>sed</span> 
     </span>
    </p>

    <p class='ocr_par' dir='ltr' id='par_1_5' title="bbox 123 2796 1259 3287">
     <span class='ocr_line' id='line_1_20' title="bbox 123 2796 1243 2915; baseline 0.005 -28"><span class='ocrx_word' id='word_1_133' title='bbox 123 2905 125 2913; x_wconf 48' lang='lat'>,</span> <span class='ocrx_word' id='word_1_134' title='bbox 194 2841 305 2915; x_wconf 93' lang='lat' dir='ltr'>quem</span> <span class='ocrx_word' id='word_1_135' title='bbox 321 2817 487 2886; x_wconf 88' lang='lat' dir='ltr'>Lucretio</span> <span class='ocrx_word' id='word_1_136' title='bbox 503 2812 722 2912; x_wconf 88' lang='lat' dir='ltr'>posthabere</span> <span class='ocrx_word' id='word_1_137' title='bbox 738 2840 804 2913; x_wconf 91' lang='lat' dir='ltr'>per</span> <span class='ocrx_word' id='word_1_138' title='bbox 820 2817 1003 2887; x_wconf 91' lang='lat' dir='ltr'>neminem</span> <span class='ocrx_word' id='word_1_139' title='bbox 1018 2796 1093 2888; x_wconf 85' lang='lat' dir='ltr'>non</span> <span class='ocrx_word' id='word_1_140' title='bbox 1108 2818 1243 2895; x_wconf 84' lang='lat' dir='ltr'>licebit.</span> 
     </span>
     <span class='ocr_line' id='line_1_21' title="bbox 194 2940 1245 3037; baseline 0.001 -23"><span class='ocrx_word' id='word_1_141' title='bbox 194 2947 266 3014; x_wconf 90' lang='lat' dir='ltr'>Nec</span> <span class='ocrx_word' id='word_1_142' title='bbox 287 2940 482 3037; x_wconf 89' lang='lat' dir='ltr'>quisquam</span> <span class='ocrx_word' id='word_1_143' title='bbox 505 2964 564 3010; x_wconf 92' lang='lat' dir='ltr'>me</span> <span class='ocrx_word' id='word_1_144' title='bbox 585 2940 705 3009; x_wconf 87' lang='lat' dir='ltr'>nimiae</span> <span class='ocrx_word' id='word_1_145' title='bbox 728 2940 927 3011; x_wconf 87' lang='lat' dir='ltr'>severitatis</span> <span class='ocrx_word' id='word_1_146' title='bbox 948 2957 1091 3036; x_wconf 84' lang='lat' dir='ltr'>arguet,</span> <span class='ocrx_word' id='word_1_147' title='bbox 1118 2944 1148 3013; x_wconf 90' lang='lat' dir='ltr'>si</span> <span class='ocrx_word' id='word_1_148' title='bbox 1172 2942 1245 3016; x_wconf 92' lang='lat' dir='ltr'>hoc</span> 
     </span>
     <span class='ocr_line' id='line_1_22' title="bbox 194 3063 1246 3162; baseline 0.004 -26"><span class='ocrx_word' id='word_1_149' title='bbox 194 3081 336 3137; x_wconf 92' lang='lat' dir='ltr'>tantum</span> <span class='ocrx_word' id='word_1_150' title='bbox 355 3064 478 3140; x_wconf 83' lang='lat' dir='ltr'>dixero</span> <span class='ocrx_word' id='word_1_151' title='bbox 497 3063 543 3135; x_wconf 91' lang='lat' dir='ltr'>de</span> <span class='ocrx_word' id='word_1_152' title='bbox 561 3064 637 3161; x_wconf 88' lang='lat' dir='ltr'>ipsa</span> <span class='ocrx_word' id='word_1_153' title='bbox 657 3065 758 3162; x_wconf 92' lang='lat' dir='ltr'>poesi</span> <span class='ocrx_word' id='word_1_154' title='bbox 776 3063 866 3160; x_wconf 91' lang='lat' dir='ltr'>quid</span> <span class='ocrx_word' id='word_1_155' title='bbox 884 3066 1014 3136; x_wconf 91' lang='lat' dir='ltr'>sentiat</span> <span class='ocrx_word' id='word_1_156' title='bbox 1031 3067 1091 3137; x_wconf 91' lang='lat' dir='ltr'>1lle</span> <span class='ocrx_word' id='word_1_157' title='bbox 1112 3069 1246 3140; x_wconf 84' lang='lat' dir='ltr'>Aristo-</span> 
     </span>
     <span class='ocr_line' id='line_1_23' title="bbox 193 3172 1259 3287; baseline 0.003 -26"><span class='ocrx_word' id='word_1_158' title='bbox 193 3189 273 3261; x_wconf 90' lang='lat' dir='ltr'>telis</span> <span class='ocrx_word' id='word_1_159' title='bbox 298 3189 538 3287; x_wconf 87' lang='lat' dir='ltr'>explanator:</span> <span class='ocrx_word' id='word_1_160' title='bbox 563 3213 645 3259; x_wconf 91' lang='lat' dir='ltr'>eam</span> <span class='ocrx_word' id='word_1_161' title='bbox 666 3213 798 3287; x_wconf 92' lang='lat' dir='ltr'>nempe</span> <span class='ocrx_word' id='word_1_162' title='bbox 828 3219 845 3254; x_wconf 73' lang='lat' dir='ltr'>a</span> <span class='ocrx_word' id='word_1_163' title='bbox 870 3187 916 3259; x_wconf 91' lang='lat' dir='ltr'>ad</span> <span class='ocrx_word' id='word_1_164' title='bbox 941 3188 978 3260; x_wconf 91' lang='lat' dir='ltr'>id</span> <span class='ocrx_word' id='word_1_165' title='bbox 1000 3205 1144 3261; x_wconf 90' lang='lat' dir='ltr'>tantum</span> <span class='ocrx_word' id='word_1_166' title='bbox 1169 3172 1259 3265; x_wconf 83' lang='lat' dir='ltr'>esse</span> 
     </span>
    </p>
   </div>
   <div class='ocr_carea' id='block_1_3' title="bbox 193 3311 1245 3539">
    <p class='ocr_par' dir='ltr' id='par_1_6' title="bbox 193 3311 1245 3539">
     <span class='ocr_line' id='line_1_24' title="bbox 193 3311 1245 3410; baseline 0.004 -26"><span class='ocrx_word' id='word_1_167' title='bbox 193 3315 395 3404; x_wconf 88' lang='lat' dir='ltr'>inventam,</span> <span class='ocrx_word' id='word_1_168' title='bbox 426 3330 468 3385; x_wconf 94' lang='lat' dir='ltr'>ut</span> <span class='ocrx_word' id='word_1_169' title='bbox 494 3311 623 3384; x_wconf 90' lang='lat' dir='ltr'>rudem</span> <span class='ocrx_word' id='word_1_170' title='bbox 650 3328 760 3410; x_wconf 92' lang='lat' dir='ltr'>atque</span> <span class='ocrx_word' id='word_1_171' title='bbox 786 3313 945 3409; x_wconf 92' lang='lat' dir='ltr'>ignaram</span> <span class='ocrx_word' id='word_1_172' title='bbox 972 3314 1245 3388; x_wconf 91' lang='lat' dir='ltr'>multitudinem</span> 
     </span>
     <span class='ocr_line' id='line_1_25' title="bbox 193 3437 1244 3539; baseline 0.003 -30"><span class='ocrx_word' id='word_1_173' title='bbox 193 3454 331 3510; x_wconf 92' lang='lat' dir='ltr'>recreet</span> <span class='ocrx_word' id='word_1_174' title='bbox 347 3463 388 3509; x_wconf 91' lang='lat' dir='ltr'>ac</span> <span class='ocrx_word' id='word_1_175' title='bbox 403 3437 557 3510; x_wconf 89' lang='lat' dir='ltr'>delectet</span> <span class='ocrx_word' id='word_1_176' title='bbox 575 3469 592 3504; x_wconf 75' lang='lat'>2&gt;</span> <span class='ocrx_word' id='word_1_177' title='bbox 612 3437 677 3534; x_wconf 77' lang='lat'>(2).</span> <span class='ocrx_word' id='word_1_178' title='bbox 696 3441 741 3510; x_wconf 86' lang='lat' dir='ltr'>Et</span> <span class='ocrx_word' id='word_1_179' title='bbox 757 3462 868 3536; x_wconf 91' lang='lat' dir='ltr'>porro</span> <span class='ocrx_word' id='word_1_180' title='bbox 884 3438 1047 3535; x_wconf 90' lang='lat' dir='ltr'>pulchris</span> <span class='ocrx_word' id='word_1_181' title='bbox 1061 3439 1130 3510; x_wconf 94' lang='lat' dir='ltr'>illis</span> <span class='ocrx_word' id='word_1_182' title='bbox 1142 3442 1244 3539; x_wconf 89' lang='lat' dir='ltr'>prin·</span> 
     </span>
    </p>
   </div>
   <div class='ocr_carea' id='block_1_4' title="bbox 191 3641 1280 4317">
    <p class='ocr_par' dir='ltr' id='par_1_7' title="bbox 192 3641 1244 3815">
     <span class='ocr_line' id='line_1_26' title="bbox 235 3641 1244 3726; baseline 0.005 -22"><span class='ocrx_word' id='word_1_183' title='bbox 235 3643 272 3724; x_wconf 82' lang='lat' dir='ltr'>(l)</span> <span class='ocrx_word' id='word_1_184' title='bbox 294 3642 416 3706; x_wconf 89' lang='lat' dir='ltr'>Poetica</span> <span class='ocrx_word' id='word_1_185' title='bbox 429 3641 623 3705; x_wconf 78' lang='lat' dir='ltr'>d&#39;Aristotele</span> <span class='ocrx_word' id='word_1_186' title='bbox 642 3642 841 3723; x_wconf 86' lang='lat' dir='ltr'>vulgarizzata</span> <span class='ocrx_word' id='word_1_187' title='bbox 860 3661 877 3705; x_wconf 91' lang='lat' dir='ltr'>e</span> <span class='ocrx_word' id='word_1_188' title='bbox 897 3650 1001 3723; x_wconf 86' lang='lat' dir='ltr'>sposta</span> <span class='ocrx_word' id='word_1_189' title='bbox 1014 3663 1070 3726; x_wconf 88' lang='lat' dir='ltr'>per</span> <span class='ocrx_word' id='word_1_190' title='bbox 1089 3645 1244 3709; x_wconf 89' lang='lat' dir='ltr'>Ludovico</span> 
     </span>
     <span class='ocr_line' id='line_1_27' title="bbox 192 3739 918 3815; baseline -0.006 -11"><span class='ocrx_word' id='word_1_191' title='bbox 192 3740 389 3804; x_wconf 84' lang='lat' dir='ltr'>Castelvetro.</span> <span class='ocrx_word' id='word_1_192' title='bbox 406 3739 544 3812; x_wconf 88' lang='lat' dir='ltr'>Viennae,</span> <span class='ocrx_word' id='word_1_193' title='bbox 562 3743 651 3802; x_wconf 80' lang='lat'>1570.</span> <span class='ocrx_word' id='word_1_194' title='bbox 673 3739 812 3815; x_wconf 89' lang='lat' dir='ltr'>Basileae,</span> <span class='ocrx_word' id='word_1_195' title='bbox 830 3743 918 3801; x_wconf 76' lang='lat'>1576.</span> 
     </span>
    </p>

    <p class='ocr_par' dir='ltr' id='par_1_8' title="bbox 191 3835 1280 4317">
     <span class='ocr_line' id='line_1_28' title="bbox 234 3835 1242 3921; baseline 0 -21"><span class='ocrx_word' id='word_1_196' title='bbox 234 3839 273 3921; x_wconf 73' lang='lat'>(2)</span> <span class='ocrx_word' id='word_1_197' title='bbox 289 3840 361 3900; x_wconf 82' lang='lat' dir='ltr'>«Ma</span> <span class='ocrx_word' id='word_1_198' title='bbox 371 3837 450 3899; x_wconf 84' lang='lat' dir='ltr'>oltre</span> <span class='ocrx_word' id='word_1_199' title='bbox 464 3845 601 3919; x_wconf 88' lang='lat' dir='ltr'>aquesto</span> <span class='ocrx_word' id='word_1_200' title='bbox 608 3836 638 3898; x_wconf 88' lang='lat' dir='ltr'>la</span> <span class='ocrx_word' id='word_1_201' title='bbox 646 3838 773 3898; x_wconf 86' lang='lat' dir='ltr'>materia</span> <span class='ocrx_word' id='word_1_202' title='bbox 783 3835 865 3898; x_wconf 84' lang='lat' dir='ltr'>delle</span> <span class='ocrx_word' id='word_1_203' title='bbox 873 3837 1000 3900; x_wconf 86' lang='lat' dir='ltr'>scienzie</span> <span class='ocrx_word' id='word_1_204' title='bbox 1015 3839 1242 3902; x_wconf 71' lang='lat' dir='ltr'>edelberti...</span> 
     </span>
     <span class='ocr_line' id='line_1_29' title="bbox 192 3934 1244 4019; baseline 0 -19"><span class='ocrx_word' id='word_1_205' title='bbox 192 3956 255 4000; x_wconf 91' lang='lat' dir='ltr'>non</span> <span class='ocrx_word' id='word_1_206' title='bbox 269 3938 333 4019; x_wconf 81' lang='lat' dir='ltr'>pud</span> <span class='ocrx_word' id='word_1_207' title='bbox 352 3954 454 3999; x_wconf 88' lang='lat' dir='ltr'>essere</span> <span class='ocrx_word' id='word_1_208' title='bbox 475 3942 614 4015; x_wconf 80' lang='lat' dir='ltr'>soggetto</span> <span class='ocrx_word' id='word_1_209' title='bbox 630 3935 712 3996; x_wconf 90' lang='lat' dir='ltr'>della</span> <span class='ocrx_word' id='word_1_210' title='bbox 733 3934 849 4015; x_wconf 89' lang='lat' dir='ltr'>poesia,</span> <span class='ocrx_word' id='word_1_211' title='bbox 877 3935 1030 3997; x_wconf 86' lang='lat' dir='ltr'>conciosia</span> <span class='ocrx_word' id='word_1_212' title='bbox 1047 3955 1121 3999; x_wconf 88' lang='lat' dir='ltr'>cosa</span> <span class='ocrx_word' id='word_1_213' title='bbox 1142 3938 1198 4000; x_wconf 91' lang='lat' dir='ltr'>che</span> <span class='ocrx_word' id='word_1_214' title='bbox 1214 3939 1244 4000; x_wconf 91' lang='lat' dir='ltr'>la</span> 
     </span>
     <span class='ocr_line' id='line_1_30' title="bbox 192 4031 1239 4119; baseline -0.002 -19"><span class='ocrx_word' id='word_1_215' title='bbox 192 4037 298 4119; x_wconf 85' lang='lat' dir='ltr'>poesia</span> <span class='ocrx_word' id='word_1_216' title='bbox 313 4036 357 4097; x_wconf 90' lang='lat' dir='ltr'>sia</span> <span class='ocrx_word' id='word_1_217' title='bbox 372 4041 450 4098; x_wconf 83' lang='lat' dir='ltr'>stata</span> <span class='ocrx_word' id='word_1_218' title='bbox 464 4042 580 4097; x_wconf 88' lang='lat' dir='ltr'>trovata</span> <span class='ocrx_word' id='word_1_219' title='bbox 595 4035 764 4096; x_wconf 86' lang='lat' dir='ltr'>solamente</span> <span class='ocrx_word' id='word_1_220' title='bbox 779 4050 834 4112; x_wconf 90' lang='lat' dir='ltr'>per</span> <span class='ocrx_word' id='word_1_221' title='bbox 846 4031 987 4096; x_wconf 84' lang='lat' dir='ltr'>dilettare</span> <span class='ocrx_word' id='word_1_222' title='bbox 1003 4053 1020 4096; x_wconf 92' lang='lat' dir='ltr'>e</span> <span class='ocrx_word' id='word_1_223' title='bbox 1034 4053 1090 4115; x_wconf 89' lang='lat' dir='ltr'>per</span> <span class='ocrx_word' id='word_1_224' title='bbox 1101 4036 1239 4110; x_wconf 88' lang='lat' dir='ltr'>ricreare,</span> 
     </span>
     <span class='ocr_line' id='line_1_31' title="bbox 192 4131 1280 4222; baseline -0.001 -24"><span class='ocrx_word' id='word_1_225' title='bbox 192 4136 224 4198; x_wconf 94' lang='lat' dir='ltr'>io</span> <span class='ocrx_word' id='word_1_226' title='bbox 239 4135 308 4197; x_wconf 90' lang='lat' dir='ltr'>dico</span> <span class='ocrx_word' id='word_1_227' title='bbox 324 4152 380 4214; x_wconf 90' lang='lat' dir='ltr'>per</span> <span class='ocrx_word' id='word_1_228' title='bbox 393 4134 531 4196; x_wconf 87' lang='lat' dir='ltr'>dilettare</span> <span class='ocrx_word' id='word_1_229' title='bbox 543 4151 560 4195; x_wconf 93' lang='lat' dir='ltr'>e</span> <span class='ocrx_word' id='word_1_230' title='bbox 572 4151 626 4213; x_wconf 90' lang='lat' dir='ltr'>per</span> <span class='ocrx_word' id='word_1_231' title='bbox 636 4132 767 4193; x_wconf 85' lang='lat' dir='ltr'>ricreare</span> <span class='ocrx_word' id='word_1_232' title='bbox 779 4131 819 4210; x_wconf 82' lang='lat' dir='ltr'>gli</span> <span class='ocrx_word' id='word_1_233' title='bbox 830 4131 926 4195; x_wconf 89' lang='lat' dir='ltr'>animi</span> <span class='ocrx_word' id='word_1_234' title='bbox 940 4133 1021 4195; x_wconf 90' lang='lat' dir='ltr'>della</span> <span class='ocrx_word' id='word_1_235' title='bbox 1033 4153 1120 4196; x_wconf 88' lang='lat' dir='ltr'>rozza</span> <span class='ocrx_word' id='word_1_236' title='bbox 1135 4137 1241 4215; x_wconf 59' lang='lat' dir='ltr'>muld-</span> <span class='ocrx_word' id='word_1_237' title='bbox 1276 4217 1280 4222; x_wconf 13' lang='grc' dir='ltr'>ἡ</span> 
     </span>
     <span class='ocr_line' id='line_1_32' title="bbox 191 4232 1237 4317; baseline 0 -22"><span class='ocrx_word' id='word_1_238' title='bbox 191 4234 298 4297; x_wconf 89' lang='lat' dir='ltr'>tudine</span> <span class='ocrx_word' id='word_1_239' title='bbox 311 4252 328 4296; x_wconf 91' lang='lat' dir='ltr'>e</span> <span class='ocrx_word' id='word_1_240' title='bbox 339 4233 389 4296; x_wconf 93' lang='lat' dir='ltr'>del</span> <span class='ocrx_word' id='word_1_241' title='bbox 398 4250 561 4296; x_wconf 90' lang='lat' dir='ltr'>commune</span> <span class='ocrx_word' id='word_1_242' title='bbox 573 4232 700 4313; x_wconf 90' lang='lat' dir='ltr'>popolo.</span> <span class='ocrx_word' id='word_1_243' title='bbox 712 4252 728 4290; x_wconf 80' lang='lat' dir='ltr'>a</span> <span class='ocrx_word' id='word_1_244' title='bbox 741 4232 938 4312; x_wconf 81' lang='lat' dir='ltr'>Castelvetm,</span> <span class='ocrx_word' id='word_1_245' title='bbox 949 4254 979 4316; x_wconf 92' lang='lat' dir='ltr'>p.</span> <span class='ocrx_word' id='word_1_246' title='bbox 995 4238 1034 4301; x_wconf 74' lang='grc'>29</span> <span class='ocrx_word' id='word_1_247' title='bbox 1049 4235 1110 4314; x_wconf 85' lang='lat' dir='ltr'>(ed.</span> <span class='ocrx_word' id='word_1_248' title='bbox 1124 4235 1237 4317; x_wconf 87' lang='lat' dir='ltr'>Basil.).</span> 
     </span>
    </p>
   </div>
   <div class='ocr_carea' id='block_1_5' title="bbox 0 0 1448 4890">
    <p class='ocr_par' dir='ltr' id='par_1_9' title="bbox 0 0 1448 4890">
     <span class='ocr_line' id='line_1_33' title="bbox 0 0 1448 4890; baseline 0 1"><span class='ocrx_word' id='word_1_249' title='bbox 0 0 1448 4890; x_wconf 95' lang='lat' dir='ltr'> </span> 
     </span>
    </p>
   </div>
  </div>
 </body>
</html>
