2886 4890
476 425 667 479 connlrlonu
683 424 766 477 APUD
782 423 972 477 uucunrluu.
1214 427 1244 475 15

196 572 271 645 quo
285 572 352 647 per
371 546 509 620 {ethera
528 546 575 619 ad
592 547 703 619 limen
718 546 908 643 Sapientiae
927 542 1157 617 Parmenides
1173 542 1243 615 fer-

197 687 270 765 tur,
291 699 377 745 cum
396 673 486 746 dixit
500 674 576 773 ipse
596 700 604 744 ε

301 865 527 942 Quandoquidem
538 864 626 924 semel
636 863 742 922 institui
756 862 940 922 conscendere
951 865 1086 936 currum(
1103 867 1149 933 )...

195 1037 348 1136 (Vellem
372 1053 566 1137 sequentes
590 1062 715 1111 versus
740 1038 874 1110 certius
898 1036 1039 1136 possint
1064 1033 1240 1128 adscribi,

194 1189 261 1237 neo
275 1165 370 1237 inter
386 1163 646 1237 hariolantium
671 1162 855 1237 editorum
872 1162 1100 1259 conjecturas
1113 1161 1243 1259 eligere

195 1313 288 1387 opus
302 1289 363 1386 sit)
376 1287 454 1388 (2);
470 1304 507 1364 et
524 1288 792 1367 nobilissimum
812 1287 904 1361 illud
920 1286 1141 1388 promissum
1159 1290 1243 1358 Deae

195 1410 402 1486 audientem
427 1410 612 1486 docentis:

574 1602 653 1688 Χρεὼ
669 1605 698 1666 δέ
718 1629 748 1666 σε
765 1603 853 1665 πάντα
867 1604 1064 1671 πυθέσθαι......

241 1694 243 1698 ⁴
333 1703 393 1784 Χρὴ
407 1703 522 1784 δοκίμως
533 1708 633 1787 γνῶναι
647 1704 690 1765 διὰ
704 1703 802 1771 παντὸς
817 1703 904 1764 πάντα
922 1706 1044 1784 περῶντα
1058 1703 1113 1784 (3),

195 1888 300 1987 cujus
317 1915 392 1963 non
413 1891 666 1966 immemorem
689 1891 836 1966 credam
855 1892 1064 1965 Lucretium
1086 1917 1130 1965 ea
1151 1917 1242 1992 prae·

197 2016 415 2090 stantissima
436 2017 483 2090 de
502 2019 659 2118 Epicuro
678 2018 821 2110 dixisse,
850 2018 915 2118 qui
936 2017 1051 2090 multa
1069 2016 1244 2091 divinitus

655 2217 729 2276 Dare
738 2215 812 2274 dicta
823 2216 923 2288 suerit,

299 2308 391 2380 Atque
403 2319 517 2366 omnem
526 2321 620 2366 rerum
634 2315 763 2366 naturam
775 2305 896 2381 paudere
908 2306 1013 2376 dictis(
1029 2310 1050 2376 ).

236 2639 277 2724 (l)
298 2641 388 2707 Luor.
404 2644 455 2724 Vl,
467 2648 507 2708 47
524 2643 685 2728 (Lachm.).

234 2778 271 2844 (a)
289 2776 356 2832 Mes.
465 2778 618 2836 Ventorum
628 2778 749 2837 exirtaut
759 2777 903 2852 placentur
913 2776 1009 2835 omnia
1021 2791 1140 2848 rursum,

465 2867 534 2938 Quae
546 2867 650 2926 fuerint
664 2867 719 2927 siut
730 2868 837 2941 placato
853 2883 986 2926 conversa
999 2866 1103 2924 favore.

282 2987 445 3049 Lambinus.
464 2990 599 3050 Vinceudi
615 3007 678 3067 spos
691 2991 803 3074 natata
817 3000 870 3064 est,
886 2999 969 3066 atque
982 2991 1154 3051 obviaoursu

463 3080 533 3152 Qua
543 3079 665 3155 inerant,
681 3091 746 3141 sunt
756 3082 865 3156 placato
876 3095 1009 3140 conversa
1024 3079 1128 3138 lurore.
1158 3084 1162 3090 ⁴

280 3197 418 3257 Lemaire.
439 3200 614 3261 *Ventorum
622 3203 907 3278 exhortasplaudens,
917 3202 988 3260 maie
996 3211 1024 3260 et
1031 3201 1124 3261 omnia
1131 3215 1243 3260 rursum

464 3291 534 3363 Qua
547 3289 661 3363 luerint,
676 3292 732 3352 sint
745 3293 854 3366 placato
868 3306 1000 3352 conversa
1014 3289 1118 3350 lavore.

280 3412 453 3474 Lachmann.
463 3418 618 3477 Ventorum
631 3428 660 3478 at
670 3428 779 3478 certant
791 3416 950 3493 plangentia
964 3416 1076 3474 flamina
1089 3429 1211 3482 rursum,

465 3506 744 3581 Quarundam,
759 3509 867 3583 placato
880 3523 1013 3566 convena
1026 3506 1128 3565 lurore.

195 3643 506 3714 continuationem
518 3652 634 3718 Manilii
647 3655 695 3737 (V,
713 3654 762 3735 lo)

464 3783 536 3841 Cum
547 3787 634 3845 semei
647 3785 783 3844 aethereos
790 3787 884 3862 J'ussus
895 3782 1081 3845 conscendere
1095 3795 1191 3838 currus

463 3873 611 3932 Summum
625 3875 787 3949 contigerim
801 3891 851 3935 sua
863 3891 913 3950 per
925 3874 1030 3949 fastigia
1043 3870 1164 3930 culmen.

233 3991 271 4072 (3)
293 3992 490 4061 Parmenides
511 4001 595 4082 apud
609 4001 810 4066 Mullaohium
824 4003 874 4079 28,
892 4005 941 4066 32.
959 4000 1160 4084 (Fragmenta
1168 3992 1243 4073 plui-

193 4088 386 4170 losopltorum
398 4113 577 4176 praecorum,
595 4098 644 4162 ed.
659 4098 766 4181 Didot).

235 4183 275 4268 (l)
296 4189 388 4254 Lucu.
407 4193 446 4269 V,
464 4197 503 4256 54
520 4195 677 4276 (Lachm.).
