2886 4890
406 445 409 448 ’
491 442 681 494 countttottu
697 442 780 494 APUD
796 440 988 495 LUCRETIUM.
1217 441 1247 492 at

200 564 334 634 riorem
346 563 618 635 translationem
631 588 702 661 qua
714 587 838 634 rerum
850 577 973 635 ortum
986 561 1248 659 interitumque

200 701 240 757 ut
256 685 393 759 bellum
409 690 536 760 mortis
550 703 586 759 et
602 688 683 760 vitae
697 686 871 787 depingit,
888 687 1015 784 inquo

640 880 771 938 Miscetur
782 880 878 937 funere
891 896 975 954 vagor

305 973 395 1042 Quem
408 971 484 1043 pueri
498 970 598 1027 tollunt
611 970 727 1027 visentes
740 967 853 1027 luminis
867 985 947 1038 oras3

302 1063 360 1118 Nec
373 1076 428 1117 nox
440 1076 494 1117 una
506 1060 590 1129 diem,
604 1074 693 1132 neque
706 1068 817 1116 noctem
829 1074 928 1115 aurora
940 1066 1034 1117 secuta
1048 1067 1090 1114 est

305 1153 375 1222 Quae
386 1166 443 1206 non
459 1149 577 1206 audierit
591 1149 688 1205 mistos
700 1148 834 1219 vagitibus
848 1147 929 1219 aegris

304 1239 440 1308 Ploratus,
453 1237 550 1294 mortis
564 1237 680 1294 comites
694 1247 722 1294 et
732 1237 838 1293 funeris
849 1237 901 1292 atri
913 1239 962 1302 (t).

199 1417 309 1490 Paulo
323 1433 406 1517 post
418 1432 569 1516 apparet
585 1415 717 1489 nobilis
731 1420 847 1486 Terrae
866 1414 990 1485 matris
1012 1413 1165 1510 effigies3
1189 1412 1249 1486 de·

198 1542 406 1613 scribuntur
430 1539 587 1637 Cybeles·
612 1540 762 1635 insignia
789 1554 826 1610 et
848 1536 988 1625 cultus,
1023 1537 1173 1634 deaeque
1198 1539 1245 1608 si-

199 1662 401 1733 mulacrum
440 1686 507 1760 per
540 1660 649 1733 urbes
689 1659 842 1732 solemni
882 1684 1021 1759 pompa
1053 1659 1244 1749 incedens,

198 1787 287 1859 dum

302 1975 366 2028 AEre
380 1979 462 2044 atque
472 1979 586 2043 argento
598 1979 724 2028 sternunt
738 1971 789 2028 iter
804 1985 885 2028 omne
898 1970 1014 2041 viarum,

301 2059 436 2133 Largifica
450 2061 520 2132 stipe
533 2059 662 2125 ditantes,
677 2060 850 2133 ninguntque
864 2076 991 2119 rosarum
1070 2127 1072 2130 Α

301 2149 439 2219 Floribus,
451 2148 611 2205 umbrantes
622 2156 741 2205 matrem
755 2149 945 2222 comitumque
959 2149 1074 2207 choreas
1088 2152 1137 2220 (2).

196 2333 292 2423 Quid
318 2335 456 2407 multa?
481 2341 560 2408 Jam
587 2335 672 2405 satis
700 2359 902 2433 superque,
933 2334 971 2406 ni
996 2334 1115 2424 fallor,
1145 2351 1246 2434 patet

196 2460 296 2556 quod
321 2460 413 2550 dixi,
448 2461 485 2531 in
510 2459 580 2531 hac
605 2460 785 2558 poematis
811 2474 934 2558 parte,
967 2459 1123 2532 aridiore
1150 2461 1244 2532 scili-

195 2600 252 2656 cet
289 2610 331 2656 ac
371 2586 538 2657 tristioris
572 2587 796 2680 argumenti,
834 2584 873 2655 id
908 2582 1010 2682 quod
1037 2585 1245 2682 promiserit

194 2723 339 2805 poetam
359 2708 584 2807 prestitisse3
608 2721 646 2778 et
658 2707 752 2778 inter
764 2707 902 2805 poesim
919 2730 960 2776 ac
972 2705 1244 2804 philosophiam

195 2832 286 2904 adeo
302 2858 390 2924 non,
418 2847 457 2902 ut
476 2832 501 2902 ii
519 2830 752 2902 affirmabant
769 2856 863 2928 quos
882 2830 1092 2921 refellimus,
1117 2857 1245 2931 perpe-

194 2970 299 3026 tuum
317 2954 506 3027 dissidium
524 2980 566 3027 ac
591 2954 694 3053 quasi
716 2955 881 3026 naturale
906 2955 1093 3053 quoddam
1116 2956 1243 3028 odium

193 3106 286 3169 esse,
311 3096 351 3151 ut
369 3095 497 3153 contra
514 3080 560 3151 ad
577 3079 807 3178 propositum
826 3078 936 3152 finem
955 3080 1240 3178 assequendum,

193 3207 327 3278 scilicet
345 3204 391 3276 ad
410 3204 594 3278 docendos
611 3205 718 3277 simul
743 3231 784 3276 ac
803 3204 1036 3278 delectandos
1056 3207 1239 3298 homines,

192 3330 341 3401 alterius

297 3524 392 3582 Altera
404 3533 500 3598 poscat
512 3539 594 3597 opem
607 3539 652 3582 res
667 3533 696 3583 et
709 3525 849 3598 conspiret
862 3526 961 3583 amice.

238 3715 328 3804 Quis
345 3715 443 3787 enim
459 3738 535 3785 non
551 3714 660 3786 sentit
680 3728 856 3811 quantam
875 3715 951 3786 vim
968 3713 1104 3787 habeat
1121 3715 1240 3814 poe‘sis

189 3854 231 3911 ut
255 3841 378 3911 omnia
397 3864 478 3937 quae
493 3839 757 3938 pronuntiatio
773 3841 915 3912 animos
931 3839 1158 3912 audientium
1174 3854 1239 3912 aut

228 4096 270 4177 (t)
291 4097 410 4159 Lucret.
426 4099 470 4171 lt,
488 4099 547 4158 576
562 4115 650 4176 seqq.
665 4095 820 4178 {Lachmt
928 4061 931 4066 ι

232 4194 273 4278 (2)
294 4196 427 4269 Lucret,
445 4196 479 4270 u,
498 4197 547 4269 tt,
566 4196 703 4258 sto-ota
718 4193 872 4276 (Lachm.).
