2886 4890
249 424 281 474 50
548 421 588 473 DE
605 419 820 473 auluosoafflcl
838 417 993 469 rosulas

249 543 379 634 cimur,
395 568 476 640 quae
495 568 562 615 nos
584 541 691 614 docet
709 555 889 639 quatenus
908 555 945 612 et
966 536 1100 637 quibus
1116 532 1298 606 conditio·

250 666 358 739 nibus
376 667 563 740 mendacia
579 666 617 738 in
639 665 860 739 carminibus
875 664 1019 737 admitti
1037 661 1207 751 debeant,
1225 657 1299 728 sci-

250 793 333 863 licet
361 807 405 864 ut
435 793 567 865 veritas
598 791 833 890 splendidiori
860 791 940 862 luce
961 789 1162 861 illustretur
1187 799 1300 881 atque

249 916 502 1014 illuminetur(
526 918 552 1014 ).

297 1047 347 1114 Ex
360 1042 417 1114 his
431 1040 614 1128 omnibus,
629 1041 765 1113 nisime
779 1040 869 1112 lallit
879 1063 960 1111 mea
973 1063 1088 1128 mens,
1102 1028 1299 1135 praestandi

249 1167 350 1265 quod
360 1169 597 1267 promiseram
607 1167 712 1265 copia
723 1181 786 1253 est,
800 1180 836 1238 et
845 1162 1090 1264 philosophici
1103 1160 1296 1263 poematis,

250 1292 353 1391 quod
365 1292 411 1365 ad
425 1307 681 1390 argumentum
696 1292 839 1382 attinet,
854 1305 971 1363 artem
985 1314 1027 1361 ac
1040 1287 1219 1360 rationem
1229 1285 1299 1356 cir-

206 1403 207 1411 *
250 1415 507 1512 cumscribere.
538 1423 630 1490 Nam
654 1417 684 1487 si
702 1417 784 1513 quis
806 1415 936 1488 eodem
959 1415 1103 1512 ingenio
1124 1411 1299 1513 praeditus

249 1541 295 1613 sit
308 1567 384 1638 quo
405 1541 593 1615 Lucretius
618 1540 687 1613 fuit
709 1539 808 1637 (nam
830 1541 906 1612 sine
924 1541 1068 1636 ingenio
1088 1538 1170 1637 quis
1187 1550 1297 1636 poeta

250 1692 325 1739 esse
343 1666 495 1766 possiti)
516 1681 552 1739 et
571 1665 618 1762 ad
640 1665 911 1764 philosophiam
934 1664 1096 1737 versibus
1110 1661 1297 1735 celebran-

248 1790 334 1864 dam
350 1816 388 1863 se
401 1792 575 1887 accingat,
598 1815 673 1863 non
692 1816 773 1863 eam
788 1815 869 1888 quae
887 1816 931 1862 ex
943 1791 1045 1888 vanis
1067 1805 1103 1861 et
1121 1786 1298 1860 contortis

251 1916 467 1989 commentis
482 1930 641 2007 constet,
657 1915 722 1988 sed
742 1941 823 2015 quae
841 1916 956 2007 clara,
981 1938 1078 2005 vera,
1100 1913 1293 2013 simplicia,

213 2118 217 2128 ¹
249 2039 295 2110 de
308 2044 399 2131 Dec,
416 2040 462 2111 de
474 2039 637 2132 homine,
659 2040 704 2112 de
720 2041 860 2112 mundo
875 2065 942 2111 nos
959 2041 1102 2132 doceat,
1121 2062 1243 2111 nonne
1260 2051 1299 2108 et

250 2164 336 2236 vitia
349 2166 465 2237 nostri
479 2164 622 2259 vitabit,
647 2181 683 2237 et
702 2165 881 2263 quidquid
897 2164 985 2236 boni
1008 2190 1050 2236 ac
1070 2163 1216 2263 pulchri
1229 2162 1297 2232 ha-

250 2288 333 2362 huit
348 2291 424 2388 ipse
443 2289 595 2363 efficiet?
617 2292 720 2362 Pnior
735 2291 844 2386 igitur
857 2290 980 2387 regula
994 2291 1039 2362 sit
1050 2306 1091 2361 ut
1104 2313 1297 2387 argumen-

251 2428 331 2485 tum
357 2412 555 2511 deligatis,
582 2413 747 2511 quisquis
771 2413 892 2504 luerit,
918 2415 983 2511 qui
1004 2415 1102 2487 hanc
1119 2416 1299 2512 egregiam

248 2541 395 2615 laudem
428 2541 579 2641 adipisci
608 2541 727 2633 volet,
764 2540 864 2638 quod
898 2567 973 2615 non
1006 2543 1042 2615 in
1076 2541 1299 2614 obscuritate

249 2692 389 2757 rerum,
405 2667 444 2738 in
467 2681 544 2739 arte
565 2664 752 2739 recondita
771 2690 813 2736 ac
829 2664 1020 2763 multiplici
1038 2682 1214 2757 versetur,
1235 2664 1299 2737 sed

249 2818 270 2864 a
287 2792 474 2864 communi
491 2815 616 2862 sensus
628 2789 892 2864 consuetudine
910 2792 1058 2866 minime
1079 2791 1296 2881 abhorreat3

249 2916 442 3016 posterior,
462 2930 505 2987 ut
523 2912 716 2987 subtilibus
728 2915 765 2986 in
784 2916 998 2988 ratiunculis
1011 2942 1086 2990 non
1099 2917 1298 3005 delitescat,

249 3042 311 3114 sed
332 3068 375 3115 ex
397 3041 485 3133 alto,
515 3055 557 3112 ut
581 3043 631 3111 ita
659 3038 790 3130 dicam,
815 3064 873 3112 res
895 3043 1182 3142 contempletur,
1211 3069 1298 3116 nam
1363 3108 1366 3111 ,

250 3167 372 3239 volare
391 3165 500 3239 dehet
518 3180 637 3264 poeta,
657 3189 731 3237 non
748 3190 814 3263 per
834 3164 990 3237 humum
1008 3192 1148 3266 repere.

298 3297 396 3380 Quas
417 3291 558 3388 regulas
582 3289 685 3361 facile
711 3305 802 3361 esset
826 3291 1016 3364 ostendere
1038 3318 1113 3364 non
1134 3292 1297 3392 philoso-

250 3415 360 3514 phico
371 3430 514 3488 tantum
528 3415 693 3505 carmini,
708 3413 770 3486 sed
785 3414 854 3485 toti
867 3414 1167 3489 didascalicorum
1178 3419 1300 3514 generi

175 3533 178 3540 ’
251 3552 353 3636 aptas
376 3562 516 3611 esseae
541 3537 815 3627 convenientes,
845 3537 914 3608 nisi
935 3538 1045 3636 hujus
1071 3555 1298 3613 commenta·

250 3662 359 3734 tionis
369 3663 544 3734 terminos
557 3662 664 3735 latius
673 3685 871 3759 propagare
884 3663 1032 3737 nollem.
1045 3670 1166 3736 Unum
1175 3681 1298 3738 tamen

251 3786 401 3877 addam,
420 3773 470 3859 'ea
495 3787 572 3859 sola
595 3786 734 3882 generis
755 3784 852 3856 illius
873 3803 1044 3883 poemata
1063 3815 1147 3862 vere
1173 3792 1296 3886 cogni-

250 3912 349 3984 tione
373 3912 480 4010 digna
502 3936 579 3984 esse
597 3936 677 4009 quae
697 3909 937 4010 philosophiae
960 3914 1097 4012 aliquid
1116 3915 1153 3988 in
1175 3941 1212 3988 se
1231 3914 1299 3989 ha·

189 4167 194 4196 ὲ
294 4190 334 4272 (l)
355 4150 432 4255 llide
446 4210 552 4256 versus
565 4189 674 4253 citatos
687 4207 757 4270 pag.
768 4146 818 4280 2l.
