2886 4890
193 440 224 489 ta
491 434 531 484 ut:
548 433 763 487 PHlLOSOPlllCl
782 432 936 484 Ponnatts

191 555 465 652 intelligendum
484 581 525 626 ac
540 537 758 628 'discendum
780 581 892 654 quam
914 556 1238 654 contemplandum

193 696 303 779 atque
325 681 597 772 admirandum,
615 681 677 752 sed
691 681 749 751 his
768 682 878 752 initiis
898 679 1060 772 inducta,
1085 680 1174 779 quid
1195 682 1241 752 sit

193 805 327 892 homo,
358 805 455 877 unde
484 807 624 896 veniat,
659 805 748 903 quid
782 805 839 875 his
866 806 902 876 in
931 805 1034 876 terris
1061 805 1243 900 agendum

194 929 341 1021 habeat,
358 931 418 1001 cui
435 930 509 1002 lato
524 945 729 1002 reservetur
744 931 954 1025 interrogat.
977 936 1049 1002 Nec
1064 930 1130 1001 Dei
1146 933 1242 1001 noti·

196 1055 284 1128 tiam
304 1055 564 1127 subtilitatibus
585 1071 728 1128 tantum
745 1054 999 1153 metaphysicae
1016 1070 1079 1126 aut
1097 1055 1243 1126 ontolo·

196 1183 260 1278 gie
293 1182 414 1278 (liceat
442 1183 563 1279 graecis
588 1181 798 1254 nominihus
825 1183 879 1253 uti
909 1207 988 1279 quae
1015 1181 1091 1278 jam
1118 1207 1247 1253 omnes

198 1306 388 1404 usurpant)
416 1307 566 1405 adipisci
594 1308 763 1398 enititur,
794 1307 857 1379 sed
888 1331 999 1403 quam
1025 1309 1070 1378 sit
1093 1320 1241 1405 potens,

198 1457 310 1529 quam
331 1431 451 1503 bonus
465 1432 635 1529 inquirit;
656 1458 745 1503 num
763 1434 889 1505 mundi
907 1447 1035 1504 auctor
1054 1447 1090 1503 et
1103 1446 1248 1502 creator

199 1557 264 1647 sit;
280 1572 403 1628 utrum
425 1556 592 1628 homines
607 1572 703 1628 amet
722 1583 763 1628 ac
782 1572 897 1650 curet,
920 1583 966 1629 an
982 1572 1121 1643 contra,
1138 1572 1180 1628 ut
1194 1556 1243 1627 dii

199 1684 482 1781 Epicureorum,
510 1709 674 1754 sectorum
697 1710 803 1780 agere
828 1710 937 1755 aeuzrm.
961 1699 1156 1756 contentus
1177 1684 1243 1774 sit,

131 1793 135 1800 ¹
199 1824 371 1907 recteque
384 1807 478 1880 Dido
495 1809 691 1881 exclamet:

308 2022 418 2078 Scilicet
433 2021 479 2079 hic
492 2023 596 2096 superis
609 2023 686 2081 labor
698 2032 750 2096 est,
765 2039 796 2080 ea
808 2039 874 2081 curo
887 2024 995 2096 quietos

309 2108 457 2166 Sollicitat!

204 2307 276 2393 Qui
296 2331 421 2378 versus
446 2333 513 2378 nos
537 2308 583 2378 ad
606 2309 835 2406 propositum
854 2308 1052 2396 reducunt,
1078 2308 1168 2379 dum
1186 2330 1252 2404 per

205 2454 242 2501 se
261 2429 458 2502 admonent
486 2456 567 2503 eam
591 2432 756 2504 altiorem
784 2458 825 2504 ac
853 2432 1070 2505 nobiliorem
1093 2430 1253 2530 philoso-

204 2554 330 2652 phiam
349 2582 423 2627 non
438 2556 515 2653 jam
531 2559 633 2656 poesi
650 2557 816 2629 infestam
833 2574 943 2656 atque
962 2559 1143 2629 inimicam
1159 2580 1250 2644 esse,

205 2678 267 2750 sed
286 2681 423 2779 optime
441 2707 526 2753 cum
546 2707 588 2755 ea
607 2709 805 2781 congruere
824 2709 866 2755 ac
884 2662 1098 2756 consociari.

255 2810 295 2875 ln
314 2831 389 2902 quo
404 2809 646 2904 quaestionum
662 2834 704 2880 ac
725 2809 1004 2881 meditationum
1026 2832 1154 2905 genere
1167 2832 1254 2878 cum

208 2932 435 3029 potissimum
451 2950 656 3006 versaretur
674 2935 818 3006 divinus
836 2935 895 3007 ille
915 2934 1028 3025 Plato,
1047 2958 1120 3005 non
1135 2933 1255 3004 solum

207 3055 253 3127 ad
283 3059 503 3151 oratorium,
537 3060 599 3131 sed
623 3074 659 3132 et
684 3085 799 3158 prope
828 3061 875 3132 ad
900 3059 1083 3156 poeticum
1110 3056 1256 3130 dicendi

207 3205 319 3276 genus
336 3207 411 3255 sese
422 3185 551 3275 evexit,
567 3200 730 3257 nontam
744 3184 906 3272 consilio,
927 3198 967 3254 ut
981 3183 1124 3280 opinor,
1144 3205 1256 3278 quam

208 3307 338 3377 mentis
357 3324 467 3405 atque
479 3309 610 3405 ingenii
623 3310 807 3398 instinctu,
823 3324 858 3380 et
873 3333 995 3380 rerum
1010 3303 1256 3402 magnitudine

209 3455 251 3501 ac
262 3432 535 3528 pulchritudine
550 3460 640 3532 quas
656 3433 859 3506 enarrabat.
883 3432 985 3504 Unde
1003 3458 1024 3503 a
1041 3431 1165 3503 multis
1180 3455 1255 3502 non

210 3556 329 3627 minor
345 3573 453 3654 poeta
472 3583 583 3656 quam
595 3558 837 3658 philosophus
853 3558 1091 3629 existimatur.
1108 3562 1256 3628 Necnon

209 3681 340 3753 Fenelo
371 3698 512 3773 noster,
547 3683 788 3783 philosophus
822 3684 964 3780 ingenio
990 3681 1257 3782 prudentiaque

209 3806 457 3894 acutissimus,
489 3807 534 3879 de
560 3814 636 3881 Deo
661 3834 753 3907 saepe
780 3810 829 3881 ita
855 3823 987 3880 tractat
1013 3823 1053 3878 ut
1078 3805 1258 3903 hymnum

210 3954 339 4002 canere
357 3932 535 4005 videatur.

258 4059 342 4126 Haec
362 4057 491 4130 vellem
510 4060 638 4130 melius
659 4060 807 4131 vidisset
830 4059 1031 4149 Lucretius,
1056 4081 1123 4128 nec
1142 4057 1258 4129 multa

210 4203 290 4286 quae
314 4182 413 4280 apud
435 4184 632 4282 Epicurum
651 4183 856 4257 inveniebat
877 4182 989 4254 nimia
1011 4181 1201 4255 sedulitate
1220 4181 1257 4253 in
