2886 4890
206 445 235 491 ll
508 443 548 497 DE
566 442 783 494 ettttosoetttct
799 443 954 494 roanarts

204 561 367 648 miltiade
390 561 494 634 beato
521 565 614 645 vita,
644 589 737 660 quos
764 588 810 634 ne
831 563 893 634 hio
919 579 960 635 ut
984 588 1142 661 persaepe
1164 564 1253 636 alias
1348 562 1351 569 ’

203 684 348 757 laudem
371 712 414 757 ac
441 686 632 784 praedicem
662 686 834 786 prohibet
858 689 1102 778 verecundia,
1134 713 1252 786 quan-

202 835 313 907 quam
343 812 380 881 in
406 813 571 883 omnium
597 811 764 883 manibus
782 837 858 884 esse
876 813 998 902 velim,
1026 813 1163 910 quippe
1186 812 1253 909 qui

202 934 249 1005 ad
268 934 305 1005 id
324 936 500 1033 aptissimi
522 936 594 1006 sint
619 936 685 1032 qui
710 934 756 1006 ad
786 934 905 1007 bonos
926 960 1070 1026 sensus,
1098 935 1144 1006 ad
1161 961 1252 1008 con·

202 1058 383 1146 cordiam,
425 1059 473 1130 ad
505 1059 811 1147 moderationem,
844 1060 891 1131 ad
926 1060 1160 1158 sapientiam,
1186 1085 1253 1132 seu

201 1182 383 1277 cogitandi
408 1184 573 1273 veritate,
603 1208 666 1254 seu
688 1183 833 1255 dicendi
860 1184 1037 1255 suavitate
1054 1183 1251 1279 legentium

201 1305 343 1390 animos
372 1296 572 1403 impellant.
607 1306 677 1377 Sed
706 1322 827 1377 tamen
854 1304 967 1376 lrabet
991 1306 1028 1375 in
1061 1331 1098 1377 se
1130 1309 1252 1404 poesis

201 1430 322 1500 nescio
342 1430 432 1526 quid
457 1455 533 1526 quo
560 1430 597 1501 in
616 1445 754 1502 mentes
775 1430 912 1502 facilius
931 1431 1106 1519 insinuet,
1130 1445 1167 1503 et
1195 1432 1249 1501 al-

200 1553 272 1624 tius
311 1569 497 1650 penetret,
532 1569 569 1626 et
602 1553 765 1625 stabilius
803 1554 1013 1626 inhaerescat
1038 1555 1112 1649 (1),
1147 1568 1251 1626 etex

200 1678 278 1749 aliis
302 1679 349 1750 ad
370 1679 460 1750 alios
480 1680 785 1751 communicando
801 1695 977 1768 transeat,
1000 1704 1041 1750 ae
1054 1680 1154 1750 velut
1171 1678 1250 1775 ipse

200 1801 289 1874 dixit
306 1819 436 1901 poeta,
464 1834 481 1869 α
497 1802 625 1874 volitet
641 1828 788 1901 perora
807 1805 939 1874 virum.
959 1835 976 1870 >t

247 1933 365 2015 Quam
396 1929 426 1998 si
452 1930 526 1999 vim
558 1929 817 2027 potentissimae
846 1927 1006 2023 ejusdem
1038 1953 1079 1999 ac
1113 1928 1248 1999 duleis-

198 2057 296 2123 simae
310 2052 397 2123 artis
414 2052 460 2122 ad
474 2077 560 2123 vera
574 2066 610 2123 et
625 2051 725 2122 utilia
742 2050 978 2140 enuntianda,
994 2051 1082 2122 falsa
1092 2052 1251 2124 funesta·
1300 2105 1304 2115 ·

198 2202 271 2274 que
287 2176 483 2249 refellenda
506 2192 622 2276 poetae
639 2191 876 2266 convertant,
893 2177 975 2273 quis
997 2174 1140 2247 dubitat
1157 2178 1248 2273 quin

123 2355 125 2359 ,
198 2302 348 2400 optime,
363 2317 405 2373 ut
415 2302 461 2373 de
475 2302 639 2372 humano
656 2325 797 2397 genere,
819 2302 870 2372 sic
889 2316 925 2372 et
941 2300 987 2372 de
1009 2326 1077 2372 suo
1099 2305 1250 2373 nomine

200 2426 426 2497 mereantur?
443 2427 510 2497 Cui
524 2416 560 2496 si'
569 2425 758 2497 consulere
778 2426 903 2514 velint,
922 2450 964 2496 ea
980 2451 1111 2524 nempe
1126 2429 1249 2499 certis·

197 2551 287 2620 sima
303 2548 350 2620 ad
365 2550 509 2621 laudem
527 2550 607 2640 via;
624 2575 736 2646 quam
757 2564 877 2620 tamen
896 2550 1063 2621 nonnulli
1081 2550 1138 2620 his
1157 2568 1249 2623 tem·

197 2673 348 2772 poribus
382 2675 532 2766 feliciter
564 2675 711 2770 ingressi
744 2674 865 2744 nescio
903 2698 968 2745 cur
998 2673 1244 2763 deseruerint,

198 2823 342 2892 magno,
360 2800 397 2868 ni
415 2798 535 2886 fallor,
551 2798 674 2893 gloriae
688 2822 761 2868 suae
776 2798 1011 2869 detrimento,
1026 2803 1115 2870 Nam
1130 2823 1244 2894 quum

196 2937 375 2995 nostrates
409 2921 597 2994 laboribus
627 2947 669 2993 ac
706 2922 979 2994 necessitatibus
1010 2923 1164 2995 districti
1195 2923 1247 2995 nil

193 3047 268 3143 jam
301 3049 458 3119 otiosum
488 3046 704 3136 admittant,
723 3062 759 3118 et
784 3047 909 3143 gliscat
938 3048 976 3117 in
1006 3047 1083 3118 dies
1118 3070 1245 3116 earum

195 3196 317 3243 rerum
349 3197 436 3243 cura
469 3195 551 3268 quae
573 3170 675 3242 utilia
702 3172 794 3262 sint,
822 3171 906 3242 inde
933 3171 994 3262 fit,
1027 3176 1171 3268 opinor,
1204 3184 1247 3241 ut

195 3295 369 3394 pleraque
384 3298 503 3394 poesis
523 3319 664 3391 genera,
686 3294 733 3367 ab
757 3295 827 3367 hac
852 3311 976 3367 nostra
999 3297 1071 3366 vita
1095 3319 1246 3393 prorsus

194 3420 323 3508 aliena,
351 3421 582 3517 languescere
597 3435 661 3491 aut
688 3419 916 3491 obsolescere
936 3419 1141 3506 videantur,
1163 3423 1246 3490 Mu·

234 3608 270 3683 (ll
292 3604 495 3680 Quamobrem
524 3605 562 3667 ad
597 3603 807 3667 informandos
837 3603 927 3679 bonis
957 3601 1097 3666 moribus
1128 3619 1246 3681 pueros

194 3703 281 3764 multi
296 3721 377 3782 saepe
391 3711 540 3782 praecepta
553 3700 690 3764 versibus
702 3701 891 3777 docuerunt,
909 3707 943 3762 ut
956 3702 1038 3780 apud
1055 3707 1175 3762 nostros
1190 3698 1246 3764 ho.-

193 3800 289 3862 mines
302 3802 369 3861 XVI
383 3800 488 3861 seculo
503 3799 660 3873 Pibracus,
674 3799 785 3861 nostris
799 3800 862 3860 fere
881 3798 1072 3878 temporibus
1086 3798 1181 3860 Morel
1204 3797 1245 3860 de

192 3898 301 3970 vinde,
315 3899 403 3977 eujus
420 3899 608 3959 Tetrasticha
619 3896 848 3976 elegantissimis
858 3895 978 3976 elegiae
992 3902 1129 3958 nostrate
1139 3895 1244 3976 lingua

192 3996 224 4055 in
246 3994 369 4057 latinam
388 4001 506 4057 vertere
528 4012 589 4055 non
613 3994 793 4073 dedignatus
814 3994 926 4056 cstVir
946 3992 1138 4055 Clarissimus
1160 3994 1244 4055 los.-

191 4091 269 4153 Vict.
297 4093 338 4153 Le
359 4092 456 4154 Glerc.
479 4093 523 4151 De
549 4091 665 4170 Officiis
687 4092 728 4151 ecl
747 4109 861 4168 pueros
887 4092 1084 4165 tetrasticha,
1115 4088 1243 4152 Lutetiae

192 4187 386 4263 Parisiorum,
401 4187 632 4251 Muccuxvt.
