2886 4890
205 468 234 518 12
502 463 542 515 DE
561 463 776 515 rttttosortttct
793 459 949 513 rotulus

201 611 331 685 genera
341 586 583 686 distinguebat
596 614 603 657 :
621 587 868 658 historicorum
879 608 1010 684 nempe
1023 601 1248 682 poematum,

201 710 405 809 inquibus,
427 727 469 783 ut
497 713 534 783 in
564 711 700 784 Lucani
730 708 926 801 Pharsalia,
958 734 1033 781 nou
1055 710 1165 802 deos,
1185 712 1248 784 sed

200 837 369 908 homines
398 852 540 911 tantum
563 853 706 935 agentes
723 852 833 937 poeta
861 837 1021 928 inducat,
1051 852 1088 908 et
1119 863 1177 909 res
1207 854 1249 911 ut

201 965 387 1036 evenerint
403 980 540 1056 narret,
565 964 668 1036 nullo
681 965 936 1036 ementitorum
948 977 1247 1036 ornamentorum

200 1087 430 1185 adjument03
456 1091 539 1162 dein
562 1089 913 1188 philosophicorum,
942 1089 979 1160 in
1007 1087 1141 1186 quibus
1172 1091 1247 1187 pri-

200 1237 302 1283 mum
325 1214 509 1313 Lucretius
526 1215 649 1286 locum
674 1213 857 1305 obtineat,
880 1227 1066 1311 postremo
1082 1212 1246 1284 didascu-

201 1337 359 1428 licorum,
380 1363 462 1436 quae
489 1340 630 1436 regulas
646 1365 688 1411 ac
716 1355 896 1438 praecepta
920 1339 1054 1409 artium
1081 1338 1243 1428 tradant,

200 1464 427 1562 agriculturae
448 1465 544 1558 dico,
569 1480 610 1538 ut
637 1467 823 1562 Georgica.
857 1470 910 1536 En
940 1490 1012 1562 qua
1036 1465 1244 1563 partitione,

199 1615 284 1662 cum
303 1591 459 1688 primam
487 1590 565 1687 ejus
586 1605 729 1690 partem
760 1590 908 1661 minime
926 1588 1154 1688 probandam
1172 1592 1246 1663 exi·

198 1715 355 1803 stimem,
384 1716 422 1788 id
453 1703 595 1788 tautum
623 1715 791 1812 colligere
813 1713 920 1804 volo,
951 1714 1247 1814 philosophicum

197 1865 329 1940 poema
363 1841 413 1913 ita
448 1866 469 1913 a
497 1841 624 1914 ceteris
653 1838 875 1911 didascalicis
904 1854 1035 1910 natura
1069 1840 1145 1938 ipsa
1177 1842 1246 1913 dil-

197 1965 291 2038 ferre
316 1981 358 2038 ut
382 1965 428 2038 de
450 1992 494 2040 eo
522 1965 716 2065 separatim
735 1979 889 2036 tractare
908 1979 988 2036 tuto
1006 1964 1125 2038 liceat.
1150 1967 1246 2056 Quid

197 2091 318 2187 quod,
339 2106 382 2162 ut
405 2117 523 2192 nuper
539 2091 663 2163 videre
680 2091 761 2180 fuit,
785 2105 924 2162 tantam
947 2115 1070 2162 rerum
1091 2093 1246 2164 varieta-

117 2257 119 2261 <
196 2229 271 2286 tem
289 2215 468 2308 admittit,
493 2230 549 2289 tot
569 2215 811 2287 diversissima
823 2231 1042 2312 argumenta
1067 2230 1144 2288 tam
1169 2217 1243 2289 lato

197 2339 337 2413 ambitu
351 2341 565 2414 didascalica
584 2342 702 2439 poesis
720 2341 969 2440 amplectitur?
991 2341 1057 2413 Vel
1071 2356 1198 2440 poetas
1209 2357 1245 2413 et

197 2490 351 2564 operum
382 2467 508 2539 titulos
540 2492 754 2539 enumerare
783 2467 882 2564 longi
912 2467 1032 2565 operis
1051 2468 1117 2550 sit;
1135 2468 1242 2565 ,quod

196 2593 411 2689 neutiquam
432 2592 522 2664 mihi
542 2593 730 2692 proposui.
748 2593 867 2689 Elegi,
892 2617 959 2690 pro
977 2593 1067 2664 meis
1089 2591 1240 2682 viribus,

195 2740 270 2787 non
295 2717 406 2789 modo
432 2742 544 2816 genus
567 2719 663 2790 inter
685 2743 836 2816 genera,
865 2717 981 2790 sedet
1002 2719 1097 2789 inter
1117 2733 1244 2817 poetas

195 2856 341 2940 poetam
358 2867 488 2934 unum,
508 2868 619 2941 aquo
638 2844 776 2916 discam
809 2843 869 2941 (de
885 2868 948 2942 spe
963 2859 1172 2941 conatuque
1196 2867 1244 2914 ne

195 2965 355 3065 depellar
366 2966 479 3040 faxint
498 2968 564 3066 dii)
582 2984 762 3066 quatenus
772 2984 809 3042 et
825 2967 959 3067 quihus
972 2967 1243 3041 conditionibus

196 3090 435 3192 philosophiae
452 3119 493 3165 ac
509 3094 628 3193 poesis
638 3095 751 3194 possit
764 3119 839 3167 esse
855 3094 1092 3167 consortium.

242 3991 321 4058 Non
342 3985 451 4084 igitur
475 3984 573 4085 apud
602 3988 775 4085 antiquos
799 3987 882 4060 illos
904 3986 1162 4062 commorabor
1183 4014 1239 4061 sa-

193 4136 337 4183 crarum
357 4137 481 4184 rerum
507 4112 742 4211 interpretes,
774 4137 794 4183 e
819 4111 953 4211 quihus
968 4113 1238 4213 philosophiam

193 4252 312 4310 ortam
325 4263 402 4312 esse
423 4238 508 4310 satis
519 4252 680 4329 constat3
698 4262 765 4310 nec
784 4236 886 4334 quod
907 4239 1066 4339 Orphica
1078 4240 1238 4311 carmina
