2886 4890
441 448 631 501 CONDITIONE
649 449 730 500 APUD
748 448 939 501 incurritur.
1182 453 1210 502 41

164 574 269 673 (tanti
292 588 409 673 poetae
433 597 524 672 pace
547 572 713 667 dixerim)
728 595 840 669 quam
857 594 949 669 saepe
971 572 1008 643 in
1031 574 1210 670 sequenti·-

172 699 240 771 bus
254 724 378 795 gruem
392 695 578 769 audimus!

221 830 303 896 Mox
334 824 430 894 enim
465 822 571 894 docet
602 823 779 920 Epicurus
811 835 907 917 κοῦφα
927 821 1004 892 εἶναι
1027 824 1068 893 τὰ
1087 819 1213 910 εἴδωλα,

174 947 254 1020 εἰδὲ
277 947 655 1046 ὑπερὸαλλόντωςκοῦφα,
684 942 792 1031 δῆλον,
821 956 860 1028 ὡς
883 950 935 1017 καὶ
967 946 1215 1044 ὑπερὲαλλόντως

168 1086 278 1173 ταχεῖα
292 1075 374 1144 κατὰ
392 1083 448 1152 τὴν
469 1077 561 1169 φοράν
575 1072 640 1169 (l).
664 1072 835 1169 Sequitur
852 1073 1039 1143 Lucretius
1061 1099 1068 1141 τ

279 1266 417 1340 Principio
431 1282 553 1341 persaepe
566 1265 632 1324 levis
643 1282 688 1323 res
702 1275 785 1339 atque
799 1266 911 1323 minutis

280 1356 448 1430 Corporibus
462 1356 545 1412 iactas
557 1355 654 1414 celeris
665 1356 729 1413 licet
740 1371 801 1412 csse
814 1354 916 1412 videre.

277 1537 338 1606 Qua
351 1544 464 1608 propter
474 1534 622 1592 simulacra
639 1533 696 1607 pari
709 1534 816 1590 ratione
828 1549 940 1591 necesse
950 1544 992 1591 est

277 1625 501 1683 Immemorabiie
517 1641 566 1698 per
577 1624 698 1698 spatium
710 1632 899 1682 transcurrere
911 1640 992 1696 posse

277 1715 421 1788 Temporis
435 1714 464 1770 in
479 1723 580 1788 puncto
596 1716 644 1784 (1).

174 1883 262 1966 Quae
290 1901 361 1967 res,
388 1876 453 1973 qui
479 1900 604 1947 versus
621 1876 768 1973 magisa
789 1875 891 1973 poesi
909 1873 1154 1947 abhorreant?
1175 1881 1223 1946 Ac

177 2002 295 2075 multo
309 2000 416 2099 plura
435 2001 598 2098 ejusdem
616 2003 756 2099 generis
770 2000 900 2072 afferre
915 2000 1049 2098 possim
1066 2001 1134 2070 nisi
1146 1999 1223 2097 jam

177 2153 234 2199 me
255 2127 454 2198 deterreret
485 2127 628 2198 satietas
660 2141 696 2196 et
724 2124 921 2196 fastidium.
945 2129 1066 2195 Unum
1092 2124 1222 2198 addam

177 2280 252 2353 quo
287 2252 511 2325 manifestius
552 2249 867 2350 deprehendamus
899 2250 1108 2321 Lucretium
1146 2266 1224 2321 tum

177 2378 388 2451 dociliorem
419 2378 578 2476 magistri
619 2377 838 2474 discipulum
870 2376 1002 2467 fuisse,
1038 2392 1118 2449 tum
1150 2403 1224 2450 non

179 2505 264 2575 satis
295 2505 490 2575 versavisse
509 2502 598 2600 quid
621 2502 803 2590 admittat,
821 2502 911 2600 quid
929 2517 1075 2601 respuat
1092 2503 1223 2601 poesis.

180 2635 317 2727 Nempe
332 2629 368 2698 in
388 2627 577 2700 notissimo
591 2629 680 2699 sexti
696 2627 781 2699 libri
799 2627 882 2698 loco
904 2626 962 2698 his
980 2626 1100 2699 verbis
1119 2631 1226 2726 pesti-

180 2753 328 2826 lentiam
367 2778 513 2825 omnem
538 2777 580 2823 ex
610 2752 702 2823 aeris
726 2751 955 2823 inclementia
989 2752 1076 2825 oriri
1109 2752 1226 2838 docet,

181 2878 277 2950 unde
300 2878 345 2949 ad
365 2877 639 2950 ceieberrimam
656 2877 904 2949 narrationem
921 2903 1031 2975 quam
1048 2903 1070 2949 a
1087 2877 1227 2975 Thucy-

182 3003 266 3076 dide
285 2997 474 3074 mutuatur
490 3001 639 3074 accedat
658 3029 666 3071 :

287 3179 406 3237 Proinde
419 3179 467 3237 ubi
483 3195 512 3236 se
525 3179 625 3236 eoeium
640 3178 716 3253 quod
726 3179 806 3235 nobis
820 3178 889 3236 forte
904 3179 1026 3237 alienum

288 3271 451 3327 Commovet
464 3277 545 3342 atque
559 3284 607 3325 aer
620 3268 745 3326 inimicus
757 3284 866 3342 serpere
880 3270 973 3342 coepit,

289 3363 330 3418 Ut
342 3359 441 3416 nebula
455 3375 488 3415 ac
504 3359 591 3415 nubes
606 3358 739 3432 paulatim
752 3359 824 3431 repit
838 3368 866 3416 et
877 3375 960 3416 omne

241 3517 245 3526 Ι
290 3450 351 3520 Qua
366 3447 489 3521 graditur
503 3447 649 3503 conturbat
662 3454 690 3502 et
704 3447 853 3503 immutare
868 3455 984 3517 coartat,

289 3536 335 3592 Fit
348 3551 456 3609 quoque
470 3544 512 3604 ut,
525 3535 554 3590 in
563 3542 692 3591 nostrum
705 3550 769 3590 oum
781 3535 857 3591 venit
868 3535 987 3609 denique
1000 3536 1114 3605 ooeium,
1139 3531 1145 3540 ’

290 3628 457 3697 corrumpat
471 3623 621 3696 reddatque
635 3621 679 3681 sui
695 3623 784 3680 simile
797 3633 879 3698 atque
893 3625 1015 3682 alienum
1025 3631 1071 3696 (3).

226 3835 268 3915 (i)
290 3835 414 3916 Epicuri
433 3836 501 3917 Περὶ
515 3835 644 3910 Φύσεως,
658 3835 713 3898 lib.
727 3837 770 3913 H,
790 3836 848 3899 col.
863 3839 891 3898 ἢ.

227 3934 267 4010 (2)
289 3935 487 4009 Lucret.‚1V‚
506 3937 563 3996 183
576 3951 661 4014 seqq.
679 3933 839 4014 (boehm).

231 4029 268 4112 (3]
290 4031 425 4107 Lucret,
441 4032 498 4105 Vl,
523 4034 600 4093 1119
614 4050 699 4114 seqq.
723 4033 758 4093 In
778 4032 878 4114 primo
892 4050 982 4095 versu
1004 4032 1080 4095 mira
1094 4031 1236 4095 lectionis

189 4126 318 4188 varietas
342 4134 476 4190 notatur.
497 4128 647 4191 Menosca.
679 4128 771 4190 Nobis
800 4131 877 4208 sorte
904 4132 1060 4203 aetenum
1082 4133 1236 4193 corrector

190 4222 315 4304 oblongi
330 4224 484 4299 alienum
498 4230 654 4288 corrector
668 4226 806 4306 quadrati
822 4230 868 4288 vel
881 4246 1029 4289 venenum
1043 4273 1052 4303 ,
1067 4227 1151 4308 quod
1168 4243 1236 4306 par-
