2886 4890
472 454 663 508 coantrtotttt
682 455 764 507 APUD
781 452 968 506 LUCRE'l'lUM.
1228 458 1244 506 9

195 573 303 661 Quod
314 599 430 671 quum
444 601 465 648 a
478 579 623 651 nemine
633 578 811 650 hactenns
826 580 910 649 satis
925 592 1120 648 tractatum
1134 590 1244 674 atque

196 699 426 772 enucleatum
447 703 620 792 viderem,
642 703 844 803 expendere
865 728 933 802 pro
947 702 1041 773 virili
1058 718 1175 800 parte,
1193 718 1242 794 et,

197 842 375 921 quantum
392 829 485 901 vires
504 829 755 928 suppeditent,
783 829 974 929 explanare
996 829 1147 899 institui.
1174 826 1245 899 Sed

196 975 243 1021 ne
264 950 371 1024 latius
385 970 555 1051 evagetur
575 955 652 1027 haec
667 980 749 1027 mea
768 955 1042 1044 commentatio,
1062 954 1157 1024 intra
1170 958 1243 1023 Lu·

196 1077 351 1147 cretium
379 1103 438 1150 me
464 1080 675 1172 continebo,
713 1078 920 1178 inquirendi
946 1103 988 1149 ac
1019 1076 1244 1173 dijudicandi

196 1201 454 1301 amplissimam
469 1220 504 1276 et
519 1205 779 1277 nobilissimam
803 1205 1004 1275 materiem.

244 1322 297 1394 Ad
313 1349 424 1422 quam
439 1326 722 1424 disputationem
745 1350 970 1423 agressurus,
993 1348 1109 1422 quum
1129 1322 1245 1394 multa

197 1450 284 1542 alia,
315 1465 393 1522 tum
415 1452 452 1523 id
478 1452 568 1523 mihi
597 1454 776 1552 imprimis
800 1450 1080 1524 desiderandum
1107 1448 1242 1539 sentio,

197 1576 299 1673 quod
316 1578 529 1674 magistrum
548 1578 796 1650 doctissimum
820 1593 931 1675 atque
956 1575 1056 1649 omni
1073 1571 1245 1645 humani-

196 1701 279 1771 tatis
295 1726 425 1796 genere
443 1703 641 1800 expolitum
659 1703 784 1778 audire
800 1701 1041 1800 nequiverim,
1060 1700 1137 1797 qui,
1154 1697 1245 1768 dum

195 1823 242 1895 de
275 1840 401 1898 nostro
424 1843 534 1926 poeta
564 1828 600 1900 in
631 1827 701 1899 hac
726 1827 946 1900 Sorbonensi
973 1824 1085 1896 domo
1117 1823 1245 1923 saepius

196 1947 355 2041 disserit,
372 1977 476 2046 eum,
498 1967 540 2025 ut
561 1979 635 2027 non
662 1953 773 2026 semel
793 1953 932 2024 dictum
961 1965 1032 2043 est,
1061 1949 1165 2047 quasi
1189 1949 1245 2019 sui

191 2074 283 2170 juris
310 2076 407 2169 fecit,
430 2094 466 2151 et
485 2106 615 2178 quem,
641 2095 683 2152 ut
704 2079 983 2152 Valckenarium
1006 2075 1244 2148 Ruhnkenius

194 2208 437 2298 ὀμηρικώτατον,
454 2204 504 2276 sic
521 2204 799 2301 significantiore
814 2202 927 2275 verbo
944 2202 1110 2273 omnium
1127 2198 1244 2271 homi-

195 2349 284 2398 num
311 2328 348 2397 in
370 2329 538 2401 Lucretio
562 2329 845 2400 versatissimum
867 2326 986 2398 dicere
1014 2340 1050 2397 et
1074 2323 1182 2396 velim
1208 2337 1245 2394 et

195 2474 341 2549 aequum
369 2455 426 2528 sit.
455 2458 601 2527 Utinam
625 2455 662 2525 in
690 2454 753 2527 illo
778 2454 873 2526 felici
896 2451 1108 2525 auditorum
1129 2465 1241 2539 coetu,

195 2590 237 2648 ut
251 2578 453 2675 quondam,
477 2596 564 2652 tunc
584 2605 734 2678 quoque
755 2579 879 2652 sedere
892 2593 1051 2650 attentus
1069 2591 1105 2648 et
1122 2590 1244 2672 gratus

194 2701 397 2801 potuerim!
428 2710 504 2776 Hoc
527 2706 718 2804 praecipuis
740 2703 972 2804 provincialis
999 2703 1080 2774 vitae
1104 2702 1244 2772 incom-

194 2828 312 2900 modis
330 2829 584 2922 adnumerem,
611 2830 712 2928 quod
730 2855 797 2903 nos
815 2828 945 2927 procul
966 2854 987 2900 a
1005 2827 1244 2899 dilectissimis

193 2954 372 3049 magistris
395 2953 600 3047 abstrahat3
631 2979 715 3026 nam
738 2955 821 3026 libri
841 2956 912 3026 emi
936 2968 1102 3054 possunt,
1122 2954 1241 3024 vivam

193 3076 356 3151 docentis
394 3105 522 3151 vocem
551 3082 633 3178 quis
671 3079 799 3153 reddet
838 3078 1000 3153 absenti?
1035 3084 1119 3150 Tres
1152 3077 1244 3148 mihi

105 3265 111 3276 .
194 3217 337 3274 tantum
355 3204 517 3277 aditiales
539 3207 722 3278 orationes
738 3205 952 3278 consulendi
971 3204 1074 3302 copia
1092 3202 1190 3299 fuit(
1214 3204 1241 3301 l,

192 3325 229 3399 in
252 3328 387 3426 quibus
408 3355 483 3428 quo
508 3331 613 3429 plura
640 3330 841 3424 discebam,
867 3356 912 3403 eo
940 3331 977 3401 in
1004 3330 1121 3427 majus
1141 3353 1243 3400 exar-

193 3451 363 3525 descebat
404 3430 577 3553 plenioris
620 3456 815 3554 disciplinae
851 3455 1085 3528 desiderium.
1124 3460 1243 3543 Quam

194 3604 311 3676 quum
325 3579 421 3675 justa
447 3580 566 3653 officia
593 3581 684 3653 mihi
706 3581 926 3673 inviderent,
951 3608 1026 3655 non
1048 3581 1131 3654 ideo
1155 3579 1244 3677 abji-

193 3703 342 3776 ciendos
356 3705 499 3777 codices
512 3708 649 3798 censui,
666 3733 733 3780 neo
749 3707 991 3807 deplorandas
1007 3709 1161 3806 vigilias,
1182 3705 1245 3778 sed

192 3830 316 3927 potius
331 3831 434 3927 operi
449 3855 493 3902 eo
516 3834 634 3903 acrius
652 3832 912 3926 insistendum,
929 3832 974 3906 de
994 3834 1122 3906 ceteris
1141 3830 1244 3903 heni-

193 3953 320 4049 gnitati
329 3953 461 4051 judicis
480 3958 652 4050 conlisus,
672 3959 808 4059 quippe
827 3962 891 4060 qui
908 3974 1076 4060 expertus
1095 3957 1162 4030 sim
1183 3982 1245 4029 eos

234 4234 274 4314 (t)
297 4237 456 4300 Annorum
473 4240 562 4314 tate,
581 4241 669 4318 1858,
692 4245 780 4305 1859.
