2886 4890
256 420 289 468 52
556 420 597 471 DE
614 419 831 474 rnttosorfflcl
848 420 1005 474 rutnans

302 1173 381 1240 lam
396 1168 442 1240 de
459 1167 576 1241 iorma
592 1193 635 1240 ac
650 1167 886 1269 dispositione
902 1194 1018 1270 pauca
1034 1169 1187 1244 dicenda
1204 1189 1304 1264 sunt,

253 1319 338 1366 cum
369 1294 470 1365 nulla
489 1294 535 1366 sit
557 1293 744 1368 dissensio.
762 1297 950 1367 Neminem
977 1297 1074 1368 enim
1102 1296 1193 1393 fugit
1217 1296 1307 1369 huic

252 1420 452 1517 praesertim
466 1419 586 1518 operis
604 1419 727 1516 generi
750 1434 892 1492 rectum
910 1428 1034 1493 rerum
1051 1419 1219 1493 ordinem
1239 1421 1306 1493 ad-

252 1542 454 1615 hibendum
474 1568 564 1634 esse,
583 1558 625 1614 ut
646 1569 726 1640 quae
740 1543 918 1616 docentur
936 1544 1039 1615 facile
1056 1544 1204 1642 intelligi
1224 1569 1307 1643 pos·

253 1668 336 1740 sint.
365 1674 445 1741 Non
464 1669 573 1764 igitur
599 1668 646 1740 ad
676 1668 937 1768 philosophum
955 1685 1102 1769 poetam
1121 1670 1307 1768 pertinent

253 1818 334 1890 qnae
352 1794 456 1892 epico
471 1794 642 1892 praecepit
660 1793 809 1865 Flaccus
826 1808 868 1865 ut
890 1823 907 1860 s
928 1795 966 1865 in
982 1794 1120 1866 medias
1137 1819 1208 1881 res,
1229 1819 1305 1866 non
1403 1790 1408 1805 '

252 1940 356 1988 secus
368 1943 409 1988 ac
419 1933 537 2005 notas,
549 1916 755 1989 auditorem
766 1919 883 2016 rapiat
899 1951 932 2007 »,
946 1919 1008 1990 sed
1022 1919 1126 2016 quasi
1139 1917 1186 1991 de
1195 1917 1307 1990 rebus

252 2043 383 2138 ignotis
401 2059 570 2134 tractare,
599 2042 705 2115 etad
730 2068 792 2115 eas
816 2044 957 2116 ratione
990 2068 1032 2115 ac
1060 2044 1117 2116 via
1147 2044 1307 2140 legentes

251 2166 384 2239 ducere
398 2167 519 2259 debet,
535 2168 671 2266 quippe
684 2168 836 2265 quinon
850 2168 961 2241 modo
973 2168 1020 2240 ad
1031 2167 1302 2258 delectandum,

252 2288 316 2361 sed
335 2290 383 2363 ad
401 2290 610 2363 docendum
631 2290 778 2364 scribat.
804 2297 852 2365 Ae
878 2293 1083 2365 landandus
1108 2293 1146 2364 in
1176 2292 1306 2391 primis

253 2415 439 2486 Lucretius
457 2415 559 2513 quod
575 2441 721 2488 carmen
741 2431 841 2488 tanta
860 2433 937 2490 arte
953 2417 1076 2490 divisit
1090 2431 1132 2488 ut
1149 2442 1207 2489 res
1225 2417 1305 2489 aliae

252 2562 292 2608 ex
307 2537 385 2608 aliis
399 2563 497 2610 nexae
511 2539 716 2630 videantur,
729 2563 929 2636 omnesque
943 2540 1038 2612 inter
1050 2564 1088 2611 se
1103 2554 1195 2639 aptae
1206 2539 1305 2611 colli·

202 2736 205 2747 ,
251 2676 414 2758 gataeque
444 2661 650 2735 cohaereant
680 2688 722 2734 ac
754 2663 1030 2736 continuentur.
1057 2669 1195 2761 Nempe
1225 2663 1303 2761 pri-

252 2809 354 2856 mum
368 2784 414 2856 de
429 2785 592 2873 materie,
609 2809 672 2856 seu
688 2808 856 2883 corpore,
874 2799 1019 2873 tractat,
1034 2809 1077 2856 ex
1091 2810 1166 2882 quo
1178 2785 1302 2856 omnia

251 2925 433 3004 constant,
450 2925 487 2982 et
498 2910 544 2982 de
564 2911 662 2981 inani
680 2911 806 3007 inquo
821 2925 1035 3003 moventur;
1057 2924 1142 3010 post
1159 2910 1205 2982 de
1223 2926 1302 2982 ato-

253 3035 332 3124 mis,
348 3060 412 3107 seu
429 3035 628 3125 elementis,
651 3059 811 3131 quorum
828 3059 1010 3107 concursu
1028 3060 1070 3108 ac
1087 3037 1304 3135 compagine

252 3161 345 3232 liunt
359 3185 440 3258 quae
465 3161 502 3231 in
524 3159 664 3231 mundo
688 3174 786 3232 sunt.
815 3159 902 3232 Inde
937 3161 984 3233 ad
1005 3161 1166 3234 animam
1185 3161 1300 3253 venit,

251 3300 392 3383 partem
428 3284 558 3357 mundi
585 3283 817 3371 nobiliorem,
846 3310 1058 3382 quanquam
1088 3300 1125 3358 et
1152 3287 1230 3385 ipsa
1259 3311 1303 3358 ex

251 3410 383 3482 atomis
412 3411 639 3483 conformata
661 3423 735 3500 est‘,
753 3434 908 3506 eamque
934 3410 1042 3483 docet
1069 3425 1105 3483 et
1134 3411 1234 3482 nasci
1265 3425 1303 3482 et

251 3537 358 3627 mori,
382 3536 480 3608 unde
498 3537 663 3634 sequitur
679 3561 764 3608 eum
782 3535 935 3608 stultum
962 3560 1039 3608 esse
1057 3536 1122 3635 qui
1144 3550 1302 3608 mortem

250 3661 475 3734 reformidet.
497 3668 548 3733 Ea
567 3677 690 3734 autem
708 3662 830 3733 anima
852 3663 962 3734 sentit
980 3687 1022 3734 ac
1039 3664 1193 3759 cogitat3
1218 3659 1302 3734 ideo

250 3811 423 3859 sensuum
439 3787 773 3884 cogitationumque
793 3786 894 3882 origo
908 3811 951 3858 ac
970 3802 1101 3858 natura
1119 3810 1303 3885 exponen·

250 3912 305 3984 dae
337 3929 435 4006 sunt,
472 3927 519 4015 et.
536 3911 693 3984 aliorum
725 3936 807 4009 quae
835 3910 883 3982 ad
918 3912 1078 3984 animam
1103 3911 1300 4010 pertinent,

250 4038 369 4110 somni
385 4037 519 4110 scilicet
538 4063 580 4109 ac
602 4037 842 4126 somniorum,
862 4036 1189 4135 cupiditatumque,
1207 4035 1304 4109 inter

250 4187 342 4259 quas
367 4185 452 4233 cum
475 4162 650 4260 appetitio
671 4184 827 4234 venerea
853 4159 1169 4233 vehementissima
1194 4161 1241 4232 sit
1259 4185 1302 4234 ac
