2886 4890
193 449 225 496 20
495 444 536 494 DE
552 441 769 494 PlllLOSOPlllGl
788 440 944 492 Pontinus

704 783 746 848 ll.

244 1107 323 1174 Non
343 1125 401 1173 me
421 1100 512 1198 fugit
531 1124 612 1173 cam
631 1099 914 1201 disputationem
935 1098 1137 1170 instituenti
1157 1121 1247 1169 con-

196 1227 301 1298 tinuo
325 1223 436 1321 objici
455 1225 665 1322 opinionem
688 1224 786 1323 apud
810 1239 949 1296 veteres
969 1248 1011 1295 ac
1032 1222 1252 1295 recentiores

194 1350 278 1449 plus
295 1375 401 1447 aequo
418 1348 652 1439 celebratam,
669 1374 751 1447 quae
767 1349 797 1420 si
815 1373 901 1420 vera
915 1349 974 1439 sit,
997 1363 1073 1419 tota
1090 1372 1131 1418 ex
1146 1345 1252 1418 fabu-

195 1475 239 1546 lis
254 1488 396 1547 oonstet
408 1474 546 1574 poesis;
565 1472 664 1547 unde
674 1474 757 1571 jure
771 1473 953 1570 colligitur
964 1470 1250 1571 philosophiam,

196 1624 277 1697 quae
296 1624 424 1672 verum
442 1599 585 1697 quaerit,
609 1598 656 1670 ab
677 1623 719 1670 ea
739 1623 890 1698 prorsus
909 1596 1119 1669 abhorrere.
1143 1595 1254 1691 Cujus

21 1781 24 1788 ,
73 1784 74 1788 ,
195 1723 390 1822 opinionis,
417 1749 533 1822 quum
556 1723 664 1795 altius
685 1738 849 1822 repetere
869 1746 1103 1820 nequaquam
1120 1736 1253 1820 potue·

197 1849 289 1940 rim,
319 1873 340 1920 e
366 1847 514 1920 Platone
539 1862 649 1944 atque
670 1847 859 1919 Aristotele
885 1848 1061 1944 originem
1087 1846 1173 1918 duci
1197 1870 1253 1917 ar-

196 1968 333 2064 bitror;
349 1997 424 2046 non
437 1987 560 2044 tamen
569 1987 662 2071 puto
672 1997 835 2044 summos
847 1971 929 2044 illos
939 1972 1037 2045 viros
1047 1972 1254 2068 angustiore

198 2111 309 2194 atque
329 2099 484 2170 arctiore
507 2121 627 2188 sensu,
651 2122 732 2195 quae
752 2097 799 2169 de
819 2121 861 2170 ea
876 2121 915 2168 re
938 2095 1120 2186 dixerunt,
1141 2096 1252 2166 inter-

199 2235 361 2320 pretatos
377 2246 467 2314 esse,
487 2220 671 2319 nequead
692 2222 816 2293 vivum
834 2220 1042 2312 resecuisse,
1063 2234 1105 2291 ut
1123 2219 1175 2290 illi
1190 2221 1255 2317 qui

199 2343 328 2418 cadem
352 2360 437 2444 post
464 2368 527 2418 eos
555 2343 724 2417 subtilius
750 2344 1016 2436 disseruerunt,
1051 2345 1254 2416 doctrinam

202 2469 477 2567 magistrorum,
506 2484 548 2540 ut
572 2468 634 2562 fit,
664 2469 767 2542 dum«
781 2470 819 2541 in
846 2470 963 2567 majus
988 2483 1121 2567 augent
1145 2483 1255 2564 atque

201 2609 426 2691 exaggerant,
446 2597 484 2666 in
501 2593 662 2666 deterius
678 2610 965 2694 corrumpentes.
990 2593 1060 2666 Sed
1079 2609 1200 2665 tamen
1219 2607 1256 2663 et

202 2717 301 2817 apud
313 2718 501 2791 Platonem
516 2719 554 2790 in
570 2718 796 2792 nobilissimo
811 2720 874 2791 illo
888 2718 1032 2815 dialogo
1045 2718 1109 2816 qui
1121 2717 1254 2788 Phaedo

202 2841 425 2934 inscribitur,
445 2844 614 2916 audimus
630 2848 815 2915 Socratem
830 2844 969 2941 poesim
987 2857 1177 2939 negantem
1197 2842 1254 2912 ul-

200 2965 273 3038 lam
291 2966 364 3039 illic
382 2992 459 3041 esse
478 2966 542 3039 ubi
561 2966 691 3039 fabulae
712 2993 787 3039 non
807 2968 878 3039 sint
895 2969 968 3066 (1);
993 2982 1029 3039 et
1048 2967 1255 3039 Aristoteles

203 3090 240 3161 in
265 3091 385 3189 primo
411 3093 562 3163 Poeticae
585 3116 693 3164 versu
717 3093 863 3164 nuntiat
885 3117 923 3164 se
953 3122 968 3156 a
991 3090 1179 3190 quomodo
1201 3091 1218 3161 l
1239 3132 1254 3146 -

203 3212 307 3286 bulas
329 3231 437 3314 poeta
459 3240 680 3314 componere
700 3216 831 3288 debeat
852 3247 870 3283 ³>
897 3215 1167 3316 disputaturum
1187 3216 1253 3314 (2),

204 3340 308 3437 quasi
323 3339 361 3411 id
377 3355 519 3413 tantum
534 3355 651 3439 poetae
669 3366 815 3431 munus,
830 3366 873 3412 ea
891 3341 967 3412 sola
985 3343 1173 3440 provincia
1187 3341 1253 3431 sit3

205 3463 446 3561 quamohrem
472 3465 595 3537 forsan
622 3466 748 3563 paucis
774 3480 857 3562 post
889 3465 1050 3537 versibus
1073 3466 1256 3566 Empedo-

204 3588 297 3660 clem
317 3614 392 3662 non
409 3589 541 3689 poetis,
562 3588 625 3662 scd
642 3589 801 3688 physicis
819 3587 1036 3663 adnumerat
1051 3592 1120 3689 (3).

254 3827 293 3910 (1)
315 3828 462 3902 Ἐννοήσας
482 3829 522 3889 ὅτι
543 3829 588 3888 τὸν
613 3831 726 3904 ποιητὴν
747 3832 810 3903 δέοι,
835 3829 910 3912 εἴπερ
932 3829 1023 3907 μέλλοι
1047 3832 1157 3906 ποιητὴς
1178 3823 1255 3908 εἶναι,

207 3935 290 3986 ποιεῖν
301 3923 404 4004 μύθους.
418 3926 494 3989 Plat.
505 3927 628 4007 Pliada,
643 3947 675 4008 p.
685 3932 735 4002 tt,
748 3931 782 3993 B.
792 3929 879 3991 Cous.
892 3927 1049 3993 Plutarch.
1065 3932 1110 3992 De
1129 3932 1257 3994 audien·

209 4023 257 4085 dis
263 4029 374 4105 poetis,
393 4028 423 4087 6.

251 4124 287 4204 (ἢ)
308 4123 363 4183 Καὶ
385 4125 440 4189 πῶς
453 4123 493 4182 δεῖ
506 4121 679 4183 συνίστασθαι
690 4122 751 4194 τοὺς
767 4123 870 4204 μύθους.
888 4121 1011 4187 Aristol.
1027 4127 1110 4189 Poel.
1124 4131 1151 4190 l.

250 4221 290 4302 (3)
311 4222 355 4283 De
371 4238 434 4303 quo
445 4220 560 4301 judicio
574 4222 712 4284 notulam
727 4230 860 4285 nostram
874 4240 966 4303 supra
981 4222 1083 4288 videas
1096 4242 1215 4307 precor.
