2886 4890
200 458 233 508 26
485 455 527 506 DE
544 455 758 508 Pultosoatttct
775 454 932 507 mantus

247 1224 319 1296 Sed
337 1225 449 1297 timeo
464 1250 511 1297 ne
530 1225 654 1296 videar
675 1248 781 1322 aequo
802 1224 944 1319 longius
974 1223 1010 1292 in
1048 1222 1248 1293 refutandis

198 1348 354 1420 aliorum
376 1348 621 1448 opinionibus,
642 1348 743 1446 quod
761 1363 882 1420 tamen
901 1347 1144 1418 necessarium
1161 1347 1244 1438 luit,

198 1473 342 1546 tardare
368 1499 410 1546 ac
436 1473 674 1563 commorari,
703 1497 914 1570 quanquam
939 1496 1031 1570 saepe
1051 1471 1128 1567 jam
1151 1472 1247 1543 inter

197 1597 472 1696 disceptandum
497 1597 587 1696 quid
610 1599 686 1695 ipse
718 1597 870 1668 sentiam
899 1596 1091 1669 declaravi.
1119 1602 1245 1693 Neque

196 1721 258 1793 hie
276 1724 485 1821 quisquam,
505 1747 649 1822 precor,
685 1747 705 1793 a
738 1747 797 1793 me
829 1721 990 1820 postulet
1011 1736 1053 1792 ut
1068 1721 1115 1811 de
1130 1721 1244 1818 poesi,

197 1871 363 1943 quaenam
394 1848 453 1938 sit,
488 1849 525 1919 in
559 1848 769 1919 universum
793 1867 953 1944 quaeram
989 1871 1031 1917 ae
1063 1844 1246 1928 definiam,

197 1995 282 2042 eum
309 1971 515 2044 istiusmodi
541 1971 788 2062 definitiones,
817 1995 898 2068 quae
925 1995 968 2041 ex
992 1968 1246 2042 secretioribus

196 2094 439 2194 philosophiae
457 2095 622 2195 partibus
640 2110 832 2183 eruuntur,
857 2119 986 2193 parum
1006 2094 1097 2166 lucis
1122 2095 1164 2164 iis
1185 2119 1244 2166 re·

196 2218 267 2290 bus
294 2219 424 2292 allerre
452 2221 591 2292 soleant
612 2221 658 2292 de
686 2219 820 2318 quibus
845 2244 952 2291 sensu
978 2232 1088 2316 atque
1111 2218 1245 2290 affectu
1346 2224 1350 2232 ’

198 2344 427 2443 potissimum
444 2344 702 2442 judicatur(l).
726 2350 803 2416 Hoc
821 2369 936 2415 unum
949 2342 1080 2429 dicam,
1100 2344 1245 2442 poetico

196 2467 259 2539 illo
283 2493 390 2540 sensu
419 2468 483 2566 qui
508 2468 563 2538 sui
586 2483 731 2539 tantum
750 2470 890 2564 generis
908 2484 974 2559 est,
1006 2494 1127 2567 neque
1159 2494 1243 2540 eum

196 2592 279 2663 ullis
297 2592 375 2663 aliis
396 2592 570 2665 confundi
582 2607 715 2692 potest,
734 2619 804 2685 me,
821 2593 910 2664 dum
926 2595 1133 2665 Lucretium
1148 2594 1240 2691 lege,

196 2718 374 2789 continuo
392 2719 617 2817 permoveri3
653 2743 773 2816 neque
797 2717 909 2789 modo
938 2742 1023 2789 cum
1060 2717 1106 2789 ab
1136 2744 1242 2815 argu-

195 2858 319 2915 mento
339 2841 562 2940 degreditur,
579 2858 620 2914 ut
639 2842 745 2914 multi
764 2843 979 2933 voluerunt3
1005 2842 1123 2914 sedin
1142 2845 1243 2914 omni

194 2968 372 3066 poematis
388 2983 513 3040 tenore
533 2967 577 3063 (si
591 2992 728 3067 paucos
746 2968 847 3039 locos
865 2966 1084 3064 excipiamus
1098 2966 1144 3038 de
1159 2969 1244 3064 qui·

192 3090 262 3163 bus
277 3118 359 3163 mox
380 3090 611 3188 videbimus),
629 3095 769 3164 incessu
777 3107 924 3189 poetam
936 3078 1074 3188 patere.

242 3220 407 3312 Longum
425 3216 534 3313 igitur
550 3231 642 3288 esset
660 3241 702 3289 ac
717 3241 867 3314 prorsus
886 3217 1013 3288 inutile
1032 3215 1077 3289 de
1095 3218 1243 3314 singulis

193 3339 363 3411 carminis
400 3339 566 3439 partibus
600 3341 807 3437 singillatim
840 3341 1025 3426 disserere,
1051 3341 1243 3414 ostendere

193 3463 283 3560 quid
295 3464 332 3533 in
346 3462 647 3563 quibuspulchri‚
663 3467 793 3560 magni,
807 3490 889 3537 vere
903 3466 1038 3564 poetici
1055 3482 1240 3557 notemus,

190 3612 277 3659 cum
293 3586 409 3658 multa
428 3587 617 3683 magnifica
635 3613 677 3659 ae
695 3586 863 3659 sublimia
889 3590 926 3659 in
945 3589 1122 3661 memoria
1147 3590 1243 3663 litte-

193 3725 358 3782 ratorum
385 3709 579 3782 hominum
606 3712 742 3799 vivant,
768 3727 804 3783 et
823 3737 844 3783 a
867 3714 990 3785 multis
1007 3713 1172 3811 quotidie
1191 3716 1241 3788 ita

191 3836 402 3923 laudentur,
416 3836 534 3932 utqui
549 3860 591 3907 ea
605 3835 789 3908 celebrare
803 3837 1009 3927 instituerit,
1024 3863 1104 3910 rem
1123 3855 1241 3910 actam

230 4120 270 4201 (t)
293 4119 369 4183 Vide
395 4121 646 4185 desideratissimi
668 4124 722 4185 viri
747 4123 879 4204 Adelphi
903 4125 1033 4188 Garnier
1051 4126 1240 4207 elegantissi-

191 4235 274 4278 mam
289 4219 579 4282 commentationem
594 4221 678 4297 Quid
689 4221 820 4284 Possis?
833 4222 923 4284 tati.
