2886 4890
428 424 618 477 CONDITIONE
635 426 717 478 APUD
733 425 924 478 tranuntur.
1170 424 1199 475 51

153 541 275 615 beant.
294 549 339 616 Ac
357 547 386 616 si
401 549 482 644 quis
498 548 587 618 mihi
602 563 779 619 memoret
796 572 876 644 quae
893 547 938 618 de
953 545 1201 617 Phaenomenis

152 673 280 741 Aratus
301 673 497 770 scripserit,
520 673 547 743 si
571 674 752 771 praecipue
775 670 923 768 objiciat
942 670 987 742 de
1009 695 1047 741 re
1066 669 1200 741 rustica

152 796 337 892 Virgilium
372 823 517 869 carmen
542 798 618 896 ipsa
644 797 793 872 AEneide
823 796 979 868 divinius
1003 796 1198 893 scripsisse,

152 921 318 993 Flaccum
352 949 393 994 ac
422 923 578 995 Bolaeum
608 938 772 994 nostrum
801 920 847 992 de
874 936 950 993 arte
978 920 1120 1018 poetica
1149 921 1199 991 ita

150 1048 291 1144 poetice
316 1047 523 1120 disseruisse
549 1064 590 1119 ut
614 1049 700 1140 artis
723 1046 885 1144 exempla
909 1045 1081 1116 simulac
1106 1069 1198 1143 prae-

150 1186 254 1270 cepta
271 1171 477 1271 praebeant,
499 1173 535 1244 in
559 1187 733 1270 promptu
748 1173 815 1244 erit
840 1169 1060 1269 respondere
1077 1168 1199 1268 philo-

151 1295 385 1393 sophantium
404 1322 481 1369 esse
505 1322 546 1369 ea
566 1322 677 1396 opera
703 1322 777 1369 non
801 1296 922 1366 minus
940 1320 1051 1392 quam
1073 1309 1199 1393 poeta·

149 1445 245 1491 rum.
273 1421 370 1510 Quid
399 1421 554 1512 coelum,
587 1421 676 1518 quid
703 1420 838 1511 sidera,
863 1421 932 1492 nisi
963 1420 1092 1492 mundi
1116 1445 1203 1517 pars

149 1543 458 1642 splendidissima?
472 1551 618 1618 Terram
637 1547 804 1617 omnium
822 1568 945 1615 rerum
963 1543 1140 1634 altricem,
1164 1557 1201 1615 et

151 1667 293 1740 labores
321 1669 455 1768 quibus
481 1671 570 1742 vivit
594 1669 798 1740 humanum
824 1693 950 1766 genus,
974 1683 1011 1740 et
1036 1669 1199 1740 animan·

51 1781 55 1794 ¹
149 1793 239 1865 tium
262 1808 425 1885 naturas,
451 1796 589 1893 apium,
607 1795 761 1892 exempli
782 1795 908 1891 gratia,
930 1792 1064 1892 quibus
1083 1794 1200 1866 inesse
1245 1872 1249 1884 ,

431 2009 541 2065 Partem
555 2008 655 2067 divinae
667 2007 769 2066 mentis
783 2016 811 2066 et
826 2006 939 2066 haustus

253 2094 506 2165 AEthcriosdixere,

149 2311 272 2368 utrum
291 2295 552 2394 philosophus,
574 2320 620 2366 an
636 2310 745 2394 poeta
765 2293 958 2368 describit?
985 2300 1112 2368 Nonne
1130 2296 1198 2367 du-

149 2419 362 2495 bitationem
384 2421 518 2493 tollunt
540 2435 731 2517 sequentes
748 2443 886 2508 versus,
908 2418 1042 2517 quibus
1058 2421 1201 2493 Stoico-

149 2571 251 2636 rum,
281 2545 339 2619 vel
364 2546 486 2645 potius
512 2545 820 2641 Pythagoreorum
848 2544 982 2641 placita
1009 2545 1055 2617 de
1078 2545 1200 2617 anima

151 2669 276 2741 mundi
288 2694 355 2768 per
368 2695 515 2749 omnem
527 2684 697 2741 naturam
714 2669 790 2739 susa
805 2683 841 2740 et
856 2669 1022 2740 omnium
1038 2670 1199 2741 animan·
1252 2742 1254 2745 .

150 2795 241 2864 tium
262 2794 400 2866 animas
426 2792 721 2865 subministrante
739 2792 908 2891 exponit?
929 2797 1030 2865 Artes
1050 2794 1197 2866 tandem

149 2917 308 3014 poeticas
335 2941 444 2989 nemo
472 2932 576 3014 neget
601 2915 801 3014 plurimum
828 2916 1069 3016 philosophiae
1097 2919 1134 2989 in
1161 2943 1199 2990 se

149 3042 347 3131 continere,
365 3066 480 3138 quum
498 3039 765 3113 nobilissimum
782 3040 934 3113 humani
949 3043 1081 3139 ingenii
1099 3041 1201 3114 labo-¹

149 3192 226 3239 rem
248 3167 435 3266 praeceptis
454 3166 653 3262 regendum
673 3166 877 3238 instituant.
899 3167 952 3238 Ad
977 3167 1062 3238 talia
1089 3167 1198 3262 igitur

111 3286 115 3294 ’
150 3318 186 3364 se
209 3292 395 3389 accingant
422 3306 561 3390 poetae3
588 3289 664 3363 non
691 3290 881 3363 servilibus
909 3291 966 3362 vel
997 3291 1199 3390 puerilibus

149 3415 320 3488 canendis
343 3415 502 3487 divinam
523 3409 653 3508 artem,
671 3432 713 3489 ut
731 3418 782 3489 ita
807 3416 939 3502 dicam,
960 3417 1195 3515 prostituant,

149 3542 331 3614 venationi
351 3541 487 3615 scilicet
510 3566 552 3613 ac
574 3542 746 3641 piscatui;
768 3556 832 3614 aut
850 3543 879 3612 si
899 3540 988 3614 libet
1007 3542 1053 3614 ad
1073 3542 1197 3613 humi-

148 3667 237 3739 liora
252 3666 471 3739 descendere
486 3669 542 3763 (ut
566 3666 721 3740 foediora
745 3693 787 3739 ac
811 3667 1033 3739 deformiora
1052 3673 1198 3739 'taceam

148 3790 338 3889 inquibus
361 3807 483 3863 tamen
505 3791 654 3889 quidam
680 3816 700 3862 e
719 3791 981 3864 recentioribus
998 3794 1198 3865 exsultave·
1250 3859 1253 3864 .

148 3918 249 4014 runt)
264 3917 495 3988 scacchorum
507 3917 606 4002 ludo,
620 3917 672 3988 rei
686 3917 744 3988 vix
755 3916 906 3990 homine
917 3917 1047 4014 dignae,
1063 3917 1201 3991 nedum

147 4042 268 4114 Musis.
