<?xml version="1.0" encoding="UTF-8"?>
<!DOCTYPE html PUBLIC "-//W3C//DTD XHTML 1.0 Transitional//EN"
    "http://www.w3.org/TR/xhtml1/DTD/xhtml1-transitional.dtd">
<html xmlns="http://www.w3.org/1999/xhtml" xml:lang="en" lang="en">
 <head>
  <title>
</title>
<meta http-equiv="Content-Type" content="text/html;charset=utf-8" />
  <meta name='ocr-system' content='tesseract 3.04.00' />
  <meta name='ocr-capabilities' content='ocr_page ocr_carea ocr_par ocr_line ocrx_word'/>
</head>
<body>
  <div class='ocr_page' id='page_1' title='image "./dephilosophicip00higngoog_0079.png"; bbox 0 0 2886 4890; ppageno 0'>
   <div class='ocr_carea' id='block_1_1' title="bbox 241 437 990 491">
    <p class='ocr_par' dir='ltr' id='par_1_1' title="bbox 241 437 990 491">
     <span class='ocr_line' id='line_1_1' title="bbox 241 437 990 491; baseline 0.004 -3"><span class='ocrx_word' id='word_1_1' title='bbox 241 439 272 488; x_wconf 80' lang='grc'><strong>68</strong></span> <span class='ocrx_word' id='word_1_2' title='bbox 542 438 582 487; x_wconf 73' lang='lat' dir='ltr'><strong>ltu</strong></span> <span class='ocrx_word' id='word_1_3' title='bbox 600 437 817 489; x_wconf 77' lang='lat' dir='ltr'><strong>ruttosoetttct</strong></span> <span class='ocrx_word' id='word_1_4' title='bbox 835 441 990 491; x_wconf 75' lang='lat' dir='ltr'><strong>resuntis</strong></span> 
     </span>
    </p>
   </div>
   <div class='ocr_carea' id='block_1_2' title="bbox 241 557 1293 779">
    <p class='ocr_par' dir='ltr' id='par_1_2' title="bbox 241 557 1293 779">
     <span class='ocr_line' id='line_1_2' title="bbox 241 557 1293 660; baseline 0.007 -32"><span class='ocrx_word' id='word_1_5' title='bbox 241 583 356 655; x_wconf 91' lang='lat' dir='ltr'><strong>quum</strong></span> <span class='ocrx_word' id='word_1_6' title='bbox 381 557 518 628; x_wconf 88' lang='lat' dir='ltr'><strong>irridet.</strong></span> <span class='ocrx_word' id='word_1_7' title='bbox 547 558 604 630; x_wconf 91' lang='lat' dir='ltr'><strong>Ob</strong></span> <span class='ocrx_word' id='word_1_8' title='bbox 626 560 664 631; x_wconf 94' lang='lat' dir='ltr'><strong>id</strong></span> <span class='ocrx_word' id='word_1_9' title='bbox 686 560 782 632; x_wconf 89' lang='lat' dir='ltr'><strong>enim</strong></span> <span class='ocrx_word' id='word_1_10' title='bbox 805 563 1001 660; x_wconf 84' lang='lat' dir='ltr'><strong>Epicurum</strong></span> <span class='ocrx_word' id='word_1_11' title='bbox 1022 558 1163 649; x_wconf 86' lang='lat' dir='ltr'><strong>laudat,</strong></span> <span class='ocrx_word' id='word_1_12' title='bbox 1191 563 1293 660; x_wconf 90' lang='lat' dir='ltr'><strong>quod</strong></span> 
     </span>
     <span class='ocr_line' id='line_1_3' title="bbox 241 683 702 779; baseline 0.004 -26"><span class='ocrx_word' id='word_1_13' title='bbox 241 709 358 779; x_wconf 88' lang='lat' dir='ltr'><strong>quum</strong></span> <span class='ocrx_word' id='word_1_14' title='bbox 379 683 530 755; x_wconf 88' lang='lat' dir='ltr'><strong>miseros</strong></span> <span class='ocrx_word' id='word_1_15' title='bbox 548 684 702 775; x_wconf 82' lang='lat' dir='ltr'><strong>videret,</strong></span> 
     </span>
    </p>
   </div>
   <div class='ocr_carea' id='block_1_3' title="bbox 347 885 1171 1312">
    <p class='ocr_par' dir='ltr' id='par_1_3' title="bbox 347 885 938 960">
     <span class='ocr_line' id='line_1_4' title="bbox 347 885 938 960; baseline 0.003 -18"><span class='ocrx_word' id='word_1_16' title='bbox 347 885 480 943; x_wconf 87' lang='lat' dir='ltr'><strong>Veridicis</strong></span> <span class='ocrx_word' id='word_1_17' title='bbox 491 887 575 959; x_wconf 86' lang='lat' dir='ltr'><strong>igitur</strong></span> <span class='ocrx_word' id='word_1_18' title='bbox 588 889 711 960; x_wconf 85' lang='lat' dir='ltr'><strong>purgavit</strong></span> <span class='ocrx_word' id='word_1_19' title='bbox 725 897 836 960; x_wconf 84' lang='lat' dir='ltr'>pectora</span> <span class='ocrx_word' id='word_1_20' title='bbox 848 887 938 960; x_wconf 90' lang='lat' dir='ltr'><strong>dictis,</strong></span> 
     </span>
    </p>

    <p class='ocr_par' dir='ltr' id='par_1_4' title="bbox 349 973 1171 1312">
     <span class='ocr_line' id='line_1_5' title="bbox 349 973 993 1048; baseline 0.005 -18"><span class='ocrx_word' id='word_1_21' title='bbox 349 976 386 1030; x_wconf 88' lang='lat' dir='ltr'><strong>Et</strong></span> <span class='ocrx_word' id='word_1_22' title='bbox 396 973 481 1030; x_wconf 87' lang='lat' dir='ltr'><strong>finem</strong></span> <span class='ocrx_word' id='word_1_23' title='bbox 496 975 592 1030; x_wconf 88' lang='lat' dir='ltr'><strong>statuit</strong></span> <span class='ocrx_word' id='word_1_24' title='bbox 605 974 767 1047; x_wconf 83' lang='lat' dir='ltr'><strong>cuppedinis</strong></span> <span class='ocrx_word' id='word_1_25' title='bbox 779 982 863 1048; x_wconf 90' lang='lat' dir='ltr'><strong>atquc</strong></span> <span class='ocrx_word' id='word_1_26' title='bbox 874 975 993 1044; x_wconf 86' lang='lat' dir='ltr'><strong>timoris,</strong></span> 
     </span>
     <span class='ocr_line' id='line_1_6' title="bbox 349 1058 1171 1136; baseline 0.011 -22"><span class='ocrx_word' id='word_1_27' title='bbox 349 1058 535 1132; x_wconf 85' lang='lat' dir='ltr'><strong>Exposuitquc</strong></span> <span class='ocrx_word' id='word_1_28' title='bbox 552 1059 657 1118; x_wconf 91' lang='lat' dir='ltr'><strong>bonum</strong></span> <span class='ocrx_word' id='word_1_29' title='bbox 671 1078 825 1133; x_wconf 89' lang='lat' dir='ltr'><strong>summum,</strong></span> <span class='ocrx_word' id='word_1_30' title='bbox 840 1078 895 1136; x_wconf 88' lang='lat' dir='ltr'><strong>quo</strong></span> <span class='ocrx_word' id='word_1_31' title='bbox 909 1062 1049 1121; x_wconf 86' lang='lat' dir='ltr'><strong>tendimus</strong></span> <span class='ocrx_word' id='word_1_32' title='bbox 1063 1080 1171 1132; x_wconf 86' lang='lat' dir='ltr'><strong>omnes,</strong></span> 
     </span>
     <span class='ocr_line' id='line_1_7' title="bbox 350 1148 1120 1226; baseline 0.008 -21"><span class='ocrx_word' id='word_1_33' title='bbox 350 1148 425 1221; x_wconf 84' lang='lat' dir='ltr'><strong>Quid</strong></span> <span class='ocrx_word' id='word_1_34' title='bbox 436 1148 517 1217; x_wconf 86' lang='lat' dir='ltr'><strong>leret,</strong></span> <span class='ocrx_word' id='word_1_35' title='bbox 532 1159 615 1222; x_wconf 88' lang='lat' dir='ltr'><strong>atque</strong></span> <span class='ocrx_word' id='word_1_36' title='bbox 627 1151 700 1206; x_wconf 86' lang='lat' dir='ltr'><strong>viam</strong></span> <span class='ocrx_word' id='word_1_37' title='bbox 713 1152 888 1219; x_wconf 82' lang='lat' dir='ltr'><strong>monstravit,</strong></span> <span class='ocrx_word' id='word_1_38' title='bbox 903 1153 1012 1210; x_wconf 77' lang='lat' dir='ltr'><strong>tramite</strong></span> <span class='ocrx_word' id='word_1_39' title='bbox 1027 1169 1120 1226; x_wconf 75' lang='lat' dir='ltr'><strong>parvo,</strong></span> 
     </span>
     <span class='ocr_line' id='line_1_8' title="bbox 351 1237 1096 1312; baseline 0.005 -18"><span class='ocrx_word' id='word_1_40' title='bbox 351 1240 412 1308; x_wconf 86' lang='lat' dir='ltr'><strong>Qua</strong></span> <span class='ocrx_word' id='word_1_41' title='bbox 424 1253 567 1310; x_wconf 88' lang='lat' dir='ltr'><strong>possemus</strong></span> <span class='ocrx_word' id='word_1_42' title='bbox 580 1237 615 1294; x_wconf 91' lang='lat' dir='ltr'><strong>ad</strong></span> <span class='ocrx_word' id='word_1_43' title='bbox 628 1237 657 1295; x_wconf 88' lang='lat' dir='ltr'><strong>id</strong></span> <span class='ocrx_word' id='word_1_44' title='bbox 671 1247 748 1296; x_wconf 87' lang='lat' dir='ltr'><strong>recto</strong></span> <span class='ocrx_word' id='word_1_45' title='bbox 760 1239 928 1297; x_wconf 89' lang='lat' dir='ltr'><strong>contendere</strong></span> <span class='ocrx_word' id='word_1_46' title='bbox 942 1256 1024 1298; x_wconf 86' lang='lat' dir='ltr'><strong>cursu</strong></span> <span class='ocrx_word' id='word_1_47' title='bbox 1039 1247 1076 1312; x_wconf 86' lang='lat'><strong>(1)</strong></span> <span class='ocrx_word' id='word_1_48' title='bbox 1088 1261 1096 1311; x_wconf 74' lang='grc' dir='ltr'><strong>ς</strong></span> 
     </span>
    </p>
   </div>
   <div class='ocr_carea' id='block_1_4' title="bbox 245 1426 675 1522">
    <p class='ocr_par' dir='ltr' id='par_1_5' title="bbox 245 1426 675 1522">
     <span class='ocr_line' id='line_1_9' title="bbox 245 1426 675 1522; baseline -0.009 -22"><span class='ocrx_word' id='word_1_49' title='bbox 245 1444 281 1500; x_wconf 89' lang='lat' dir='ltr'><strong>et</strong></span> <span class='ocrx_word' id='word_1_50' title='bbox 299 1427 409 1500; x_wconf 91' lang='lat' dir='ltr'><strong>deum</strong></span> <span class='ocrx_word' id='word_1_51' title='bbox 427 1426 593 1499; x_wconf 90' lang='lat' dir='ltr'><strong>nominat</strong></span> <span class='ocrx_word' id='word_1_52' title='bbox 611 1427 675 1522; x_wconf 92' lang='lat' dir='ltr'><strong>qui</strong></span> 
     </span>
    </p>
   </div>
   <div class='ocr_carea' id='block_1_5' title="bbox 349 1629 1072 1805">
    <p class='ocr_par' dir='ltr' id='par_1_6' title="bbox 349 1629 1072 1805">
     <span class='ocr_line' id='line_1_10' title="bbox 350 1629 1044 1704; baseline -0.007 -15"><span class='ocrx_word' id='word_1_53' title='bbox 350 1629 492 1689; x_wconf 80' lang='lat' dir='ltr'><strong>Fluctibus</strong></span> <span class='ocrx_word' id='word_1_54' title='bbox 503 1646 518 1686; x_wconf 91' lang='lat' dir='ltr'><strong>e</strong></span> <span class='ocrx_word' id='word_1_55' title='bbox 529 1629 613 1686; x_wconf 88' lang='lat' dir='ltr'><strong>tantis</strong></span> <span class='ocrx_word' id='word_1_56' title='bbox 627 1629 711 1685; x_wconf 88' lang='lat' dir='ltr'><strong>vitam</strong></span> <span class='ocrx_word' id='word_1_57' title='bbox 725 1630 862 1702; x_wconf 86' lang='lat' dir='ltr'><strong>tantisque</strong></span> <span class='ocrx_word' id='word_1_58' title='bbox 877 1631 984 1704; x_wconf 84' lang='lat' dir='ltr'><strong>petiolis</strong></span> <span class='ocrx_word' id='word_1_59' title='bbox 1041 1676 1044 1684; x_wconf 92' lang='grc'><em>,</em></span> 
     </span>
     <span class='ocr_line' id='line_1_11' title="bbox 349 1717 1072 1805; baseline 0 -29"><span class='ocrx_word' id='word_1_60' title='bbox 349 1722 383 1776; x_wconf 89' lang='lat' dir='ltr'><strong>ln</strong></span> <span class='ocrx_word' id='word_1_61' title='bbox 398 1726 457 1775; x_wconf 89' lang='lat' dir='ltr'><strong>tam</strong></span> <span class='ocrx_word' id='word_1_62' title='bbox 470 1717 618 1790; x_wconf 90' lang='lat' dir='ltr'><strong>tranquillo</strong></span> <span class='ocrx_word' id='word_1_63' title='bbox 631 1725 729 1774; x_wconf 88' lang='lat' dir='ltr'><strong>ettam</strong></span> <span class='ocrx_word' id='word_1_64' title='bbox 743 1718 817 1775; x_wconf 88' lang='lat' dir='ltr'><strong>clara</strong></span> <span class='ocrx_word' id='word_1_65' title='bbox 831 1718 891 1790; x_wconf 81' lang='lat' dir='ltr'><strong>luce</strong></span> <span class='ocrx_word' id='word_1_66' title='bbox 904 1719 1004 1776; x_wconf 87' lang='lat' dir='ltr'><strong>locavit</strong></span> <span class='ocrx_word' id='word_1_67' title='bbox 1017 1727 1072 1805; x_wconf 56' lang='grc' dir='ltr'><strong>ως</strong></span> 
     </span>
    </p>
   </div>
   <div class='ocr_carea' id='block_1_6' title="bbox 349 1886 1064 2145">
    <p class='ocr_par' dir='ltr' id='par_1_7' title="bbox 349 1886 1064 2145">
     <span class='ocr_line' id='line_1_12' title="bbox 351 1886 1064 1977; baseline 0 -24"><span class='ocrx_word' id='word_1_68' title='bbox 351 1898 413 1966; x_wconf 86' lang='lat' dir='ltr'><strong>Quo</strong></span> <span class='ocrx_word' id='word_1_69' title='bbox 428 1896 516 1968; x_wconf 81' lang='lat' dir='ltr'><strong>magis</strong></span> <span class='ocrx_word' id='word_1_70' title='bbox 529 1894 573 1950; x_wconf 88' lang='lat' dir='ltr'><strong>hic</strong></span> <span class='ocrx_word' id='word_1_71' title='bbox 586 1893 686 1951; x_wconf 87' lang='lat' dir='ltr'><strong>merito</strong></span> <span class='ocrx_word' id='word_1_72' title='bbox 697 1895 778 1952; x_wconf 90' lang='lat' dir='ltr'><strong>nobis</strong></span> <span class='ocrx_word' id='word_1_73' title='bbox 789 1896 858 1952; x_wconf 91' lang='lat' dir='ltr'><strong>deus</strong></span> <span class='ocrx_word' id='word_1_74' title='bbox 870 1912 930 1977; x_wconf 86' lang='lat' dir='ltr'><strong>esse</strong></span> <span class='ocrx_word' id='word_1_75' title='bbox 945 1886 1064 1965; x_wconf 82' lang='lat' dir='ltr'><strong>videtur,</strong></span> 
     </span>
     <span class='ocr_line' id='line_1_13' title="bbox 349 1982 1045 2060; baseline 0.001 -18"><span class='ocrx_word' id='word_1_76' title='bbox 349 1988 392 2042; x_wconf 83' lang='lat' dir='ltr'><strong>Ex</strong></span> <span class='ocrx_word' id='word_1_77' title='bbox 408 2001 463 2059; x_wconf 88' lang='lat' dir='ltr'><strong>qno</strong></span> <span class='ocrx_word' id='word_1_78' title='bbox 475 1999 550 2042; x_wconf 90' lang='lat' dir='ltr'><strong>nunc</strong></span> <span class='ocrx_word' id='word_1_79' title='bbox 562 1984 644 2040; x_wconf 88' lang='lat' dir='ltr'><strong>etiam</strong></span> <span class='ocrx_word' id='word_1_80' title='bbox 657 2000 707 2056; x_wconf 85' lang='lat' dir='ltr'><strong>per</strong></span> <span class='ocrx_word' id='word_1_81' title='bbox 720 2000 834 2058; x_wconf 84' lang='lat' dir='ltr'><strong>magnas</strong></span> <span class='ocrx_word' id='word_1_82' title='bbox 847 1982 938 2044; x_wconf 83' lang='lat' dir='ltr'><strong>dedita</strong></span> <span class='ocrx_word' id='word_1_83' title='bbox 950 1982 1045 2060; x_wconf 71' lang='lat' dir='ltr'><strong>gentes</strong></span> 
     </span>
     <span class='ocr_line' id='line_1_14' title="bbox 349 2071 1000 2145; baseline 0.006 -17"><span class='ocrx_word' id='word_1_84' title='bbox 349 2073 448 2130; x_wconf 87' lang='lat' dir='ltr'><strong>Dulcia</strong></span> <span class='ocrx_word' id='word_1_85' title='bbox 462 2072 634 2145; x_wconf 81' lang='lat' dir='ltr'><strong>permulcent</strong></span> <span class='ocrx_word' id='word_1_86' title='bbox 644 2071 752 2130; x_wconf 90' lang='lat' dir='ltr'><strong>animos</strong></span> <span class='ocrx_word' id='word_1_87' title='bbox 765 2073 940 2131; x_wconf 83' lang='lat' dir='ltr'><strong>solatiavitae</strong></span> <span class='ocrx_word' id='word_1_88' title='bbox 952 2080 1000 2144; x_wconf 76' lang='lat' dir='ltr'><strong>(a).</strong></span> 
     </span>
    </p>
   </div>
   <div class='ocr_carea' id='block_1_7' title="bbox 182 2259 1297 2480">
    <p class='ocr_par' dir='ltr' id='par_1_8' title="bbox 182 2259 1297 2480">
     <span class='ocr_line' id='line_1_15' title="bbox 182 2259 1297 2361; baseline 0.002 -27"><span class='ocrx_word' id='word_1_89' title='bbox 182 2306 186 2313; x_wconf 95' lang='lat'>·</span> <span class='ocrx_word' id='word_1_90' title='bbox 244 2262 330 2334; x_wconf 91' lang='lat' dir='ltr'><strong>Ideo</strong></span> <span class='ocrx_word' id='word_1_91' title='bbox 357 2259 567 2355; x_wconf 85' lang='lat' dir='ltr'><strong>religionem</strong></span> <span class='ocrx_word' id='word_1_92' title='bbox 596 2259 796 2333; x_wconf 85' lang='lat' dir='ltr'><strong>detestatur</strong></span> <span class='ocrx_word' id='word_1_93' title='bbox 823 2260 923 2357; x_wconf 93' lang='lat' dir='ltr'><strong>quod</strong></span> <span class='ocrx_word' id='word_1_94' title='bbox 959 2292 976 2326; x_wconf 75' lang='lat' dir='ltr'><strong>s</strong></span> <span class='ocrx_word' id='word_1_95' title='bbox 1004 2277 1147 2335; x_wconf 90' lang='lat' dir='ltr'><strong>tantum</strong></span> <span class='ocrx_word' id='word_1_96' title='bbox 1173 2266 1297 2361; x_wconf 87' lang='lat' dir='ltr'><strong>potuit</strong></span> 
     </span>
     <span class='ocr_line' id='line_1_16' title="bbox 244 2382 1294 2480; baseline 0.004 -24"><span class='ocrx_word' id='word_1_97' title='bbox 244 2383 395 2456; x_wconf 89' lang='lat' dir='ltr'><strong>suadere</strong></span> <span class='ocrx_word' id='word_1_98' title='bbox 413 2382 607 2454; x_wconf 88' lang='lat' dir='ltr'><strong>malorum.</strong></span> <span class='ocrx_word' id='word_1_99' title='bbox 631 2412 648 2448; x_wconf 78' lang='lat' dir='ltr'><strong>n</strong></span> <span class='ocrx_word' id='word_1_100' title='bbox 668 2388 712 2453; x_wconf 87' lang='lat' dir='ltr'><strong>At</strong></span> <span class='ocrx_word' id='word_1_101' title='bbox 730 2409 805 2454; x_wconf 89' lang='lat' dir='ltr'><strong>non</strong></span> <span class='ocrx_word' id='word_1_102' title='bbox 825 2385 1039 2480; x_wconf 91' lang='lat' dir='ltr'><strong>lphianassae</strong></span> <span class='ocrx_word' id='word_1_103' title='bbox 1058 2386 1169 2458; x_wconf 88' lang='lat' dir='ltr'><strong>modo</strong></span> <span class='ocrx_word' id='word_1_104' title='bbox 1188 2389 1294 2460; x_wconf 90' lang='lat' dir='ltr'><strong>mise-</strong></span> 
     </span>
    </p>
   </div>
   <div class='ocr_carea' id='block_1_8' title="bbox 243 2495 1296 2730">
    <p class='ocr_par' dir='ltr' id='par_1_9' title="bbox 243 2495 1296 2730">
     <span class='ocr_line' id='line_1_17' title="bbox 244 2495 1296 2607; baseline 0.002 -25"><span class='ocrx_word' id='word_1_105' title='bbox 244 2507 465 2607; x_wconf 86' lang='lat' dir='ltr'><strong>returpatris</strong></span> <span class='ocrx_word' id='word_1_106' title='bbox 474 2507 575 2603; x_wconf 89' lang='lat' dir='ltr'><strong>jussu</strong></span> <span class='ocrx_word' id='word_1_107' title='bbox 589 2495 795 2598; x_wconf 71' lang='lat' dir='ltr'><strong>trucidatae{</strong></span> <span class='ocrx_word' id='word_1_108' title='bbox 810 2507 872 2578; x_wconf 90' lang='lat' dir='ltr'><strong>sed</strong></span> <span class='ocrx_word' id='word_1_109' title='bbox 882 2508 1092 2580; x_wconf 89' lang='lat' dir='ltr'><strong>animalium</strong></span> <span class='ocrx_word' id='word_1_110' title='bbox 1105 2509 1296 2584; x_wconf 88' lang='lat' dir='ltr'><strong>doloribus</strong></span> 
     </span>
     <span class='ocr_line' id='line_1_18' title="bbox 243 2631 1295 2730; baseline 0.002 -25"><span class='ocrx_word' id='word_1_111' title='bbox 243 2634 415 2730; x_wconf 82' lang='lat' dir='ltr'><strong>tangitur,</strong></span> <span class='ocrx_word' id='word_1_112' title='bbox 445 2647 482 2703; x_wconf 84' lang='lat' dir='ltr'><strong>et</strong></span> <span class='ocrx_word' id='word_1_113' title='bbox 505 2631 661 2703; x_wconf 91' lang='lat' dir='ltr'><strong>vitulum</strong></span> <span class='ocrx_word' id='word_1_114' title='bbox 683 2647 767 2702; x_wconf 87' lang='lat' dir='ltr'><strong>ante</strong></span> <span class='ocrx_word' id='word_1_115' title='bbox 788 2657 867 2719; x_wconf 77' lang='lat' dir='ltr'><strong>aras</strong></span> <span class='ocrx_word' id='word_1_116' title='bbox 886 2648 1083 2705; x_wconf 91' lang='lat' dir='ltr'><strong>mactatum</strong></span> <span class='ocrx_word' id='word_1_117' title='bbox 1108 2633 1227 2727; x_wconf 84' lang='lat' dir='ltr'><strong>dolet,</strong></span> <span class='ocrx_word' id='word_1_118' title='bbox 1258 2651 1295 2707; x_wconf 89' lang='lat' dir='ltr'><strong>et</strong></span> 
     </span>
    </p>
   </div>
   <div class='ocr_carea' id='block_1_9' title="bbox 242 2771 1295 3239">
    <p class='ocr_par' dir='ltr' id='par_1_10' title="bbox 242 2771 1295 3239">
     <span class='ocr_line' id='line_1_19' title="bbox 244 2771 1295 2869; baseline 0.004 -25"><span class='ocrx_word' id='word_1_119' title='bbox 244 2774 382 2844; x_wconf 89' lang='lat' dir='ltr'><strong>miserae</strong></span> <span class='ocrx_word' id='word_1_120' title='bbox 410 2771 535 2843; x_wconf 86' lang='lat' dir='ltr'><strong>matris</strong></span> <span class='ocrx_word' id='word_1_121' title='bbox 559 2771 787 2844; x_wconf 87' lang='lat' dir='ltr'><strong>lacrimosam</strong></span> <span class='ocrx_word' id='word_1_122' title='bbox 811 2773 1002 2869; x_wconf 85' lang='lat' dir='ltr'><strong>imaginem</strong></span> <span class='ocrx_word' id='word_1_123' title='bbox 1029 2774 1157 2848; x_wconf 90' lang='lat' dir='ltr'><strong>eodem</strong></span> <span class='ocrx_word' id='word_1_124' title='bbox 1183 2776 1295 2848; x_wconf 85' lang='lat' dir='ltr'><strong>animi</strong></span> 
     </span>
     <span class='ocr_line' id='line_1_20' title="bbox 242 2884 1295 2994; baseline 0.004 -26"><span class='ocrx_word' id='word_1_125' title='bbox 242 2884 350 2970; x_wconf 78' lang='lat' dir='ltr'><strong>sensu</strong></span> <span class='ocrx_word' id='word_1_126' title='bbox 370 2896 538 2994; x_wconf 82' lang='lat' dir='ltr'><strong>exprimit</strong></span> <span class='ocrx_word' id='word_1_127' title='bbox 559 2920 634 2991; x_wconf 90' lang='lat' dir='ltr'><strong>quo</strong></span> <span class='ocrx_word' id='word_1_128' title='bbox 655 2896 837 2992; x_wconf 81' lang='lat' dir='ltr'><strong>Virgilius,</strong></span> <span class='ocrx_word' id='word_1_129' title='bbox 867 2898 932 2994; x_wconf 90' lang='lat' dir='ltr'><strong>qui</strong></span> <span class='ocrx_word' id='word_1_130' title='bbox 955 2896 1054 2969; x_wconf 90' lang='lat' dir='ltr'><strong>hunc</strong></span> <span class='ocrx_word' id='word_1_131' title='bbox 1076 2898 1197 2970; x_wconf 92' lang='lat' dir='ltr'><strong>locum</strong></span> <span class='ocrx_word' id='word_1_132' title='bbox 1218 2902 1295 2974; x_wconf 89' lang='lat' dir='ltr'><strong>sine</strong></span> 
     </span>
     <span class='ocr_line' id='line_1_21' title="bbox 243 3019 1293 3117; baseline 0.005 -25"><span class='ocrx_word' id='word_1_133' title='bbox 243 3020 357 3092; x_wconf 90' lang='lat' dir='ltr'><strong>dubio</strong></span> <span class='ocrx_word' id='word_1_134' title='bbox 372 3021 534 3091; x_wconf 86' lang='lat' dir='ltr'><strong>imitatus</strong></span> <span class='ocrx_word' id='word_1_135' title='bbox 547 3033 614 3090; x_wconf 89' lang='lat' dir='ltr'><strong>est.</strong></span> <span class='ocrx_word' id='word_1_136' title='bbox 628 3020 724 3106; x_wconf 90' lang='lat' dir='ltr'><strong>Quin</strong></span> <span class='ocrx_word' id='word_1_137' title='bbox 738 3019 847 3091; x_wconf 85' lang='lat' dir='ltr'><strong>etiarn</strong></span> <span class='ocrx_word' id='word_1_138' title='bbox 862 3045 978 3117; x_wconf 92' lang='lat' dir='ltr'><strong>quum</strong></span> <span class='ocrx_word' id='word_1_139' title='bbox 992 3037 1124 3094; x_wconf 89' lang='lat' dir='ltr'><strong>terram</strong></span> <span class='ocrx_word' id='word_1_140' title='bbox 1140 3040 1293 3097; x_wconf 89' lang='lat' dir='ltr'><strong>matrem</strong></span> 
     </span>
     <span class='ocr_line' id='line_1_22' title="bbox 244 3142 627 3239; baseline -0.008 -23"><span class='ocrx_word' id='word_1_141' title='bbox 244 3144 350 3216; x_wconf 93' lang='lat' dir='ltr'><strong>nobis</strong></span> <span class='ocrx_word' id='word_1_142' title='bbox 367 3142 527 3217; x_wconf 89' lang='lat' dir='ltr'><strong>ostendit</strong></span> <span class='ocrx_word' id='word_1_143' title='bbox 546 3167 627 3239; x_wconf 86' lang='lat' dir='ltr'><strong>quae</strong></span> 
     </span>
    </p>
   </div>
   <div class='ocr_carea' id='block_1_10' title="bbox 352 3343 1001 3421">
    <p class='ocr_par' dir='ltr' id='par_1_11' title="bbox 352 3343 1001 3421">
     <span class='ocr_line' id='line_1_23' title="bbox 352 3343 1001 3421; baseline 0.002 -16"><span class='ocrx_word' id='word_1_144' title='bbox 352 3351 480 3405; x_wconf 87' lang='lat' dir='ltr'><strong>Tutores</strong></span> <span class='ocrx_word' id='word_1_145' title='bbox 494 3355 602 3403; x_wconf 88' lang='lat' dir='ltr'><strong>teneras</strong></span> <span class='ocrx_word' id='word_1_146' title='bbox 616 3344 696 3401; x_wconf 85' lang='lat' dir='ltr'><strong>elfert</strong></span> <span class='ocrx_word' id='word_1_147' title='bbox 706 3343 734 3400; x_wconf 86' lang='lat' dir='ltr'><strong>in</strong></span> <span class='ocrx_word' id='word_1_148' title='bbox 751 3346 863 3403; x_wconf 91' lang='lat' dir='ltr'><strong>luminis</strong></span> <span class='ocrx_word' id='word_1_149' title='bbox 877 3364 941 3405; x_wconf 89' lang='lat' dir='ltr'><strong>oras</strong></span> <span class='ocrx_word' id='word_1_150' title='bbox 954 3355 1001 3421; x_wconf 80' lang='lat'>(4),</span> 
     </span>
    </p>
   </div>
   <div class='ocr_carea' id='block_1_11' title="bbox 246 3533 988 3631">
    <p class='ocr_par' dir='ltr' id='par_1_12' title="bbox 246 3533 988 3631">
     <span class='ocr_line' id='line_1_24' title="bbox 246 3533 988 3631; baseline 0.005 -26"><span class='ocrx_word' id='word_1_151' title='bbox 246 3550 309 3606; x_wconf 93' lang='lat' dir='ltr'><strong>aut</strong></span> <span class='ocrx_word' id='word_1_152' title='bbox 328 3536 456 3631; x_wconf 77' lang='lat' dir='ltr'><strong>quaerit</strong></span> <span class='ocrx_word' id='word_1_153' title='bbox 474 3533 564 3631; x_wconf 92' lang='lat' dir='ltr'><strong>quid</strong></span> <span class='ocrx_word' id='word_1_154' title='bbox 582 3534 741 3630; x_wconf 89' lang='lat' dir='ltr'><strong>primum</strong></span> <span class='ocrx_word' id='word_1_155' title='bbox 761 3534 884 3606; x_wconf 90' lang='lat' dir='ltr'><strong>mollia</strong></span> <span class='ocrx_word' id='word_1_156' title='bbox 903 3562 988 3609; x_wconf 82' lang='lat' dir='ltr'><strong>arva</strong></span> 
     </span>
    </p>
   </div>
   <div class='ocr_carea' id='block_1_12' title="bbox 284 3890 776 4263">
    <p class='ocr_par' dir='ltr' id='par_1_13' title="bbox 284 3890 776 4263">
     <span class='ocr_line' id='line_1_25' title="bbox 286 3890 775 3972; baseline -0.012 -17"><span class='ocrx_word' id='word_1_157' title='bbox 286 3896 326 3970; x_wconf 78' lang='lat' dir='ltr'><strong>ll)</strong></span> <span class='ocrx_word' id='word_1_158' title='bbox 348 3895 478 3969; x_wconf 86' lang='lat' dir='ltr'><strong>Lucret.‚</strong></span> <span class='ocrx_word' id='word_1_159' title='bbox 493 3893 548 3965; x_wconf 91' lang='lat' dir='ltr'><strong>Vl,</strong></span> <span class='ocrx_word' id='word_1_160' title='bbox 562 3894 601 3952; x_wconf 72' lang='lat' dir='ltr'><strong>tl</strong></span> <span class='ocrx_word' id='word_1_161' title='bbox 617 3890 775 3972; x_wconf 74' lang='lat' dir='ltr'><strong>(boehm).</strong></span> 
     </span>
     <span class='ocr_line' id='line_1_26' title="bbox 288 3987 767 4071; baseline -0.008 -19"><span class='ocrx_word' id='word_1_162' title='bbox 288 3990 327 4071; x_wconf 61' lang='grc' dir='ltr'><strong>(Ξ)</strong></span> <span class='ocrx_word' id='word_1_163' title='bbox 350 3992 483 4064; x_wconf 90' lang='lat' dir='ltr'><strong>Lucret.‚</strong></span> <span class='ocrx_word' id='word_1_164' title='bbox 500 3990 537 4060; x_wconf 89' lang='lat' dir='ltr'><strong>V,</strong></span> <span class='ocrx_word' id='word_1_165' title='bbox 550 3992 584 4050; x_wconf 89' lang='lat' dir='ltr'><strong>ll</strong></span> <span class='ocrx_word' id='word_1_166' title='bbox 612 3987 767 4066; x_wconf 84' lang='lat' dir='ltr'><strong>(Lachm.).</strong></span> 
     </span>
     <span class='ocr_line' id='line_1_27' title="bbox 285 4085 768 4168; baseline -0.008 -19"><span class='ocrx_word' id='word_1_167' title='bbox 285 4089 325 4168; x_wconf 76' lang='lat'><strong>(3)</strong></span> <span class='ocrx_word' id='word_1_168' title='bbox 349 4089 478 4159; x_wconf 86' lang='lat' dir='ltr'><strong>Lucret.‚</strong></span> <span class='ocrx_word' id='word_1_169' title='bbox 491 4088 528 4161; x_wconf 86' lang='lat' dir='ltr'><strong>V,</strong></span> <span class='ocrx_word' id='word_1_170' title='bbox 550 4088 588 4148; x_wconf 81' lang='lat' dir='ltr'><strong>to</strong></span> <span class='ocrx_word' id='word_1_171' title='bbox 607 4085 768 4165; x_wconf 83' lang='lat' dir='ltr'><strong>(Lachm.).</strong></span> 
     </span>
     <span class='ocr_line' id='line_1_28' title="bbox 284 4183 776 4263; baseline -0.008 -19"><span class='ocrx_word' id='word_1_172' title='bbox 284 4186 325 4263; x_wconf 79' lang='lat' dir='ltr'><strong>(l)</strong></span> <span class='ocrx_word' id='word_1_173' title='bbox 348 4187 480 4252; x_wconf 87' lang='lat' dir='ltr'><strong>Lucret.‚</strong></span> <span class='ocrx_word' id='word_1_174' title='bbox 502 4187 528 4258; x_wconf 87' lang='lat'><strong>1,</strong></span> <span class='ocrx_word' id='word_1_175' title='bbox 544 4186 602 4245; x_wconf 75' lang='lat' dir='ltr'><strong>tit)</strong></span> <span class='ocrx_word' id='word_1_176' title='bbox 621 4183 776 4259; x_wconf 51' lang='lat' dir='ltr'><strong>(inachim).</strong></span> 
     </span>
    </p>
   </div>
   <div class='ocr_carea' id='block_1_13' title="bbox 0 0 1448 4890">
    <p class='ocr_par' dir='ltr' id='par_1_14' title="bbox 0 0 1448 4890">
     <span class='ocr_line' id='line_1_29' title="bbox 0 0 1448 4890; baseline 0 0"><span class='ocrx_word' id='word_1_177' title='bbox 0 0 1448 4890; x_wconf 95' lang='lat' dir='ltr'><strong> </strong></span> 
     </span>
    </p>
   </div>
  </div>
 </body>
</html>
