2886 4890
490 466 530 515 DE
548 466 760 519 Pttttosot’tttct
780 469 935 521 POEMATlS

242 1215 461 1305 llidicimus,
496 1219 658 1314 exempla
685 1218 867 1317 praebente
893 1244 936 1289 ac
963 1218 1062 1291 velut
1082 1221 1242 1293 docente

193 1340 373 1429 Lucreti0,
394 1341 533 1437 poesim
553 1340 645 1413 adeo
663 1367 737 1413 non
764 1368 786 1414 a
806 1342 1053 1441 philosophia,
1071 1359 1112 1414 ut
1132 1345 1242 1416 multi

194 1463 401 1551 voluerunt,
416 1462 626 1553 abhorrere,
640 1481 681 1536 ut
700 1481 827 1537 contra
842 1467 984 1538 interse
1000 1469 1138 1566 optime
1148 1494 1241 1539 cou-

192 1603 342 1685 gruant‚
375 1587 575 1659 dummodo
603 1614 645 1661 ea
667 1590 711 1660 sit
730 1590 964 1688 philosophia
993 1617 1076 1688 quae
1102 1595 1242 1664 nonin

192 1711 412 1784 obscuritate
435 1737 476 1783 ac
503 1713 599 1784 velut
621 1714 658 1783 in
684 1714 887 1811 pulvisculo
910 1741 1032 1786 rerum
1052 1718 1241 1790 recondita

190 1837 442 1924 secontineat,
464 1861 583 1932 neque
602 1838 638 1907 in
658 1837 756 1925 imis,
785 1852 826 1906 ut
854 1837 902 1907 ita
932 1836 1074 1929 dicam,
1101 1857 1243 1913 naturae

194 1960 388 2034 visceribus
420 1961 625 2048 delitescat,
666 1960 730 2032 sed
757 1961 878 2031 divina
905 1962 1160 2061 humanaque,
1198 1983 1244 2038 ut

192 2103 288 2174 sunt,
309 2086 589 2184 contempletur,
611 2111 668 2157 res
684 2110 758 2156 non
778 2085 982 2180 cognitione
998 2102 1154 2178 tantum,
1177 2091 1243 2162 sed

192 2213 430 2284 admiratione
449 2225 485 2282 et
504 2235 628 2280 amore
644 2210 884 2306 dignissimas.

240 2344 328 2426 Quae
345 2335 509 2434 profecto
535 2349 671 2404 utnon
691 2333 811 2405 omnis
831 2358 872 2404 ac
902 2333 978 2404 sola
1006 2335 1244 2436 philosophia

192 2464 251 2550 sit,
268 2475 411 2560 partem
425 2474 556 2536 tamen
571 2482 648 2529 esse
665 2457 906 2555 philosophiae
920 2483 1030 2530 nemo
1051 2484 1126 2530 non
1149 2462 1242 2535 fate-

192 2585 304 2678 bitur,
322 2584 581 2656 nobilissimam
594 2608 678 2654 sane
688 2607 730 2652 ac
740 2583 1081 2681 pretiosissimam‚e
1095 2588 1240 2679 ceteris,

193 2728 235 2783 ut
256 2686 382 2782 florem
397 2724 433 2780 et
451 2709 609 2779 fructum
630 2704 860 2793 eradicibus,
882 2723 1124 2799 enascentem‚
1144 2725 1180 2782 et
1194 2710 1244 2782 ab

193 2833 425 2906 inferioribus
439 2831 485 2902 ad
504 2830 714 2902 sublimiora
736 2830 959 2902 tendentem.
984 2832 1037 2903 Ad
1057 2858 1183 2930 quam,
1200 2851 1245 2908 ut

193 2961 339 3059 opinor,
356 2982 430 3028 non
444 2955 544 3027 docti
565 2970 705 3026 tantum
730 2955 909 3041 homines,
935 2955 1098 3051 longiore
1121 2971 1158 3026 et
1181 2982 1244 3028 ex·

194 3080 382 3177 quisitiore
407 3075 611 3148 studiorum
638 3091 815 3173 apparatu
841 3075 1013 3174 perpoliti
1027 3075 1245 3148 admittendi

195 3217 298 3292 sunt;
320 3226 406 3272 nam
423 3198 581 3270 melioris
601 3199 667 3269 aevi
683 3197 861 3270 beneficio
884 3225 959 3271 non
980 3200 1055 3295 jam
1075 3201 1099 3270 ii
1116 3226 1245 3272 sumus

194 3328 258 3423 qui
275 3341 466 3423 angustum
484 3339 625 3394 tantum
642 3323 857 3420 sapientium
875 3324 1051 3394 circulum
1070 3331 1244 3420 agnosca-

197 3475 289 3538 mus,
308 3464 448 3520 ceteros
465 3471 605 3535 ornnes,
627 3461 668 3516 ut
687 3445 817 3517 stultos
835 3446 1081 3518 homunculos
1097 3447 1246 3539 (idiotas

194 3572 293 3669 apud
315 3575 459 3642 Graecos
474 3569 644 3641 dicebant
657 3569 833 3641 fastidiosi
850 3571 996 3667 quidam
1016 3571 1245 3670 philosophi)

194 3697 295 3768 omni
319 3695 515 3793 disciplina
541 3720 583 3766 ac
612 3695 785 3765 doctrinae
810 3693 933 3767 fructu
958 3696 1125 3794 indignos
1146 3697 1244 3767 arbi·

196 3837 347 3910 tremur,
366 3821 432 3891 etsi
453 3823 662 3891 secretiores
679 3834 816 3890 naturae
834 3836 955 3916 partes
973 3821 1158 3910 accedere,
1180 3846 1246 3891 seu

194 3946 361 4034 fortunae,
371 3970 435 4015 seu
445 3943 635 4040 frigidioris
645 3944 919 4039 sanguinisvitio
932 3948 986 4031 (ut
996 3960 1112 4042 poetae
1122 3942 1244 4015 verbis

196 4072 292 4167 utar)
309 4093 543 4166 nequaquam
565 4084 628 4139 aut
651 4069 836 4166 potuerint
857 4083 920 4138 aut
939 4069 1133 4141 voluerint.
1153 4073 1247 4140 Sunt

198 4194 293 4264 enim
311 4193 415 4265 multi
431 4191 524 4263 circa
541 4217 608 4263 nos
623 4191 807 4263 laboribus
822 4208 855 4264 et
872 4195 968 4263 curis
984 4194 1149 4291 impliciti
1164 4193 1246 4289 qui·
