2886 4890
333 401 335 406 ’
431 424 621 476 commone
638 424 720 476 arun
737 423 925 476 tuoaarmn.
1168 423 1200 473 so

151 571 219 644 pro
235 571 301 617 suo
319 570 423 618 more
442 560 635 643 quaereret,
654 544 782 616 vidisse
798 545 872 640 jam
900 568 994 641 opus
1016 543 1152 614 factum
1171 542 1200 612 si

152 671 309 768 epriore
323 670 406 742 loco
423 671 676 742 mutuaretur?
701 676 780 742 Non
806 684 927 741 tamen
945 668 1047 766 prius
1067 666 1200 764 scripta

152 796 297 885 delevit,
317 796 487 883 incertus,
512 811 553 867 ut
582 797 736 893 opinor,
757 810 881 867 utrum
907 809 991 865 utro
1019 793 1101 865 loco
1126 815 1200 861 me-

151 921 222 992 lius
244 936 355 1010 esset3
380 934 459 990 tum
486 917 597 991 subiit
621 945 684 990 seu
710 920 811 990 suror
830 919 889 1000 ille
914 917 960 989 de
980 942 1054 1014 quo
1074 915 1201 987 Hiero·

151 1043 469 1142 nymusloquitur,
484 1068 548 1114 seu
559 1043 763 1142 desperatio
775 1043 1048 1140 (qualicumque
1061 1066 1082 1113 e
1094 1063 1203 1112 causa

153 1183 233 1240 orta
254 1168 314 1263 sit)
337 1193 418 1265 quae
446 1169 618 1239 miserum
637 1168 684 1239 ad
704 1167 741 1238 id
770 1168 914 1266 impulit
936 1181 978 1237 ut
1003 1190 1067 1236 sua
1092 1188 1202 1234 manu

154 1308 311 1365 mortem
321 1291 386 1364 sibi
402 1294 651 1365 conscisceret.
671 1298 889 1364 Invenerunt
897 1291 1003 1363 amici
1012 1291 1048 1361 in
1062 1288 1204 1361 schedis

155 1417 247 1489 duos
263 1417 376 1508 locos,
394 1433 429 1488 et
445 1416 551 1489 nobis
568 1418 813 1514 quales'erant
828 1430 1082 1505 servaverunt3
1103 1414 1204 1510 quod

155 1569 222 1643 pro
250 1568 332 1615 meo
352 1522 616 1638 judicio-recte
643 1568 684 1614 ac
707 1542 822 1642 probe
851 1542 1036 1628 fecerunt,
1067 1539 1203 1610 nedum

156 1693 272 1759 suam,
295 1693 370 1740 non
389 1668 545 1746 Lucretii
567 1682 740 1757 mentem,
765 1693 849 1738 cum
865 1666 1018 1765 posteris
1037 1689 1203 1736 commu·

155 1794 330 1864 nicarent.

204 1917 384 1989 Admonet
413 1942 500 1989 vero
525 1943 593 1989 nos
617 1919 709 1990 illud
733 1919 854 2015 quarti
878 1916 962 1988 libri
985 1916 1204 2015 prooemium

158 2056 199 2113 ut
221 2042 266 2114 de
286 2041 414 2114 ceteris
432 2042 640 2139 loquamur.
666 2048 744 2113 lam
769 2041 814 2113 de
835 2042 955 2141 primo
977 2066 1095 2140 pauca
1117 2039 1207 2111 dixi·

85 2237 87 2242 ,
160 2166 311 2262 mus(l),
324 2166 428 2263 cujus
437 2167 748 2265 exemplumapud
758 2167 1008 2238 Parmenidem
1022 2166 1210 2238 invenerat

158 2307 300 2383 noster3
336 2315 403 2362 nec
436 2315 511 2362 non
543 2290 778 2390 Empedocles
814 2316 1116 2388 unumquemque
1148 2303 1209 2362 τῶν

158 2422 301 2488 Φυσικῶν
325 2397 461 2486 librum
489 2414 680 2512 splendido
706 2416 855 2487 exordio
884 2416 1027 2489 videtur
1057 2441 1209 2488 exorna·

159 2541 265 2628 visse,
284 2566 371 2612 nam
384 2539 545 2612 nobilem
560 2564 641 2611 eam
653 2540 700 2611 ad
712 2540 930 2639 Calliopeam
943 2540 1209 2612 invocationem

162 2691 272 2762 quam
291 2665 446 2737 serravit
463 2665 635 2760 Origenes
651 2665 701 2760 (2)
718 2663 851 2736 librum
867 2665 1014 2736 tertium
1029 2666 1212 2763 apernisse

162 2789 391 2862 crediderim.
418 2794 518 2877 Quos
548 2789 699 2860 feliciter
726 2803 871 2860 secutus
900 2804 1025 2860 noster
1054 2814 1114 2860 sex
1144 2789 1213 2859 illis

159 2914 460 3013 praestantissimis
477 2915 664 3012 prooemiis
676 2939 770 3013 opus
785 2939 892 2985 suum
904 2915 1102 3003 exornavit,
1120 2939 1211 3011 quo·

160 3065 240 3111 rum
252 3039 348 3111 bona
366 3064 452 3139 pars
469 3040 507 3109 in
522 3038 630 3110 laude
646 3039 804 3134 magistri
821 3039 967 3138 Epicuri
980 3038 1212 3137 praedicanda

80 3167 82 3169 ’
160 3178 346 3254 versatum
373 3163 655 3261 exemplumque
680 3163 757 3261 ipse
776 3162 844 3234 fuit
863 3163 1025 3260 Virgilio,
1052 3164 1115 3261 qui
1139 3165 1211 3234 sin-

159 3283 259 3380 gulas
282 3284 542 3380 Georgicorum
569 3299 690 3383 partes
714 3284 907 3355 numinum
931 3284 1149 3380 agrestium,
1176 3302 1212 3357 et

160 3410 330 3506 Augusti,
354 3425 390 3481 et
418 3413 620 3482 Maecenatis
651 3410 882 3482 invocatione
915 3409 1071 3502 orditur,
1100 3413 1207 3484 tertio

160 3549 283 3607 autem
304 3533 413 3624 libro,
434 3549 476 3606 ut
500 3559 618 3633 nuper
643 3535 849 3606 Lucretium
880 3550 1013 3632 quarto
1035 3535 1206 3626 vidimus,

159 3657 206 3730 de
229 3682 288 3746 se,
312 3656 441 3728 desua
464 3657 600 3752 gloria,
624 3656 670 3727 de
696 3658 752 3728 via
779 3682 890 3754 quam
911 3658 1121 3729 tentandam
1141 3657 1209 3729 sibi

159 3781 351 3882 proposuit
365 3783 415 3853 ita
429 3782 614 3880 loquitur,
641 3796 683 3852 ut
704 3782 887 3854 neminem
906 3783 1016 3854 lateat
1037 3783 1205 3855 imitatio.

199 4085 239 4167 (l)
261 4084 339 4146 Vide
354 4103 385 4164 p.
404 4089 442 4147 tt
456 4103 544 4166 seqq.

201 4183 242 4264 (ἓ)
263 4182 468 4264 Empedocles
481 4182 562 4264 apud
574 4181 732 4256 Mullaoh„
747 4184 891 4245 383-386,
