2886 4890
403 478 417 499 Ω
467 424 657 475 coamatottn
673 422 755 474 APUD
772 423 961 476 tucnnrtun.
1208 413 1239 474 19

191 547 329 645 judicio
344 573 446 619 suam
462 547 733 646 philosophiam
747 549 898 645 poeticis
911 545 1097 647 leporibus
1111 571 1241 620 ornare

194 673 411 763 instituerat,
428 688 491 744 aut
509 674 632 770 potius
657 672 827 772 praeclara
842 687 984 771 reperta
1003 671 1242 771 grandiloqua

192 802 301 870 Musae
314 822 404 871 voce
426 797 525 895 apud
538 797 707 869 homines
725 796 993 869 commendare.
1012 797 1084 885 Qui
1098 812 1243 869 rectene

194 948 239 994 an
258 947 449 1022 perperam
460 922 689 1018 judicaverit,
709 922 1002 1020 imitatoremque
1013 947 1120 993 suum
1130 922 1243 997 inbo-

194 1073 279 1118 nam
299 1071 345 1118 an
365 1048 402 1118 in
423 1046 556 1118 malam
578 1048 675 1119 viam
701 1072 824 1118 secum
844 1047 1005 1138 traxerit,
1032 1071 1115 1118 mox
1141 1047 1241 1121 vide-

194 1172 328 1243 bimus.
343 1170 509 1243 Habebat
523 1188 645 1243 autem
661 1187 784 1245 noster
797 1173 835 1243 in
850 1171 1032 1244 veteribus
1045 1171 1115 1242 illis
1127 1174 1244 1269 poetis

195 1297 309 1368 multa
332 1322 481 1394 quoque
505 1296 656 1369 feliciter
681 1294 728 1368 ab
746 1298 797 1368 eis
815 1298 962 1369 inventa
986 1321 1067 1395 quae
1092 1296 1245 1370 feliciter

194 1422 410 1508 imitaretur,
436 1421 596 1520 amplam
622 1422 882 1493 sententiarum
909 1437 1020 1519 atque
1045 1422 1244 1517 imaginum

195 1546 321 1617 silvam
336 1544 469 1643 quibus
481 1547 518 1617 in
532 1571 659 1642 agrum
672 1531 779 1617 suum
791 1546 1029 1644 comportatis
1038 1545 1241 1620 ditesceret.

195 1667 336 1758 Quibus
361 1669 474 1741 fretus
500 1670 671 1768 exemplis
703 1685 740 1741 et
768 1671 908 1768 egregia
939 1671 1080 1769 proprii
1111 1671 1245 1769 ingenii

195 1793 333 1881 indole,
369 1792 415 1865 ad
446 1793 548 1892 quod
579 1794 761 1891 fastigium
788 1794 1085 1894 philosophicum
1113 1821 1245 1894 poema

195 1921 364 2011 evexerit,
380 1946 478 1991 nunc
492 1920 741 2018 quaerendum,
759 1936 795 1992 et
809 1921 855 1992 ad
872 1946 997 1993 verum
1011 1920 1123 2017 hujus
1138 1946 1246 2020 opus-

195 2044 267 2115 culi
288 2047 517 2143 propositum
537 2045 831 2141 aggrediendum.
853 2052 934 2135 Qua
954 2047 1001 2119 de
1017 2072 1057 2118 re
1074 2047 1124 2118 sic
1144 2072 1244 2118 com·
1346 2120 1350 2145 ,

197 2168 403 2240 modissime
426 2183 646 2240 tractaturus
669 2169 760 2239 mihi
785 2169 930 2258 videor,
959 2172 989 2240 si
1012 2170 1174 2269 primum
1199 2170 1245 2242 de

196 2309 409 2390 argumento
428 2318 470 2365 ac
492 2295 642 2365 materie
658 2293 828 2364 carminis
854 2293 1076 2387 disseruero,
1100 2309 1184 2393 post
1200 2295 1246 2367 de

196 2417 311 2490 forma
336 2442 378 2489 ac
398 2417 634 2515 dispositione
661 2418 794 2515 operis,
821 2432 1008 2514 postremo
1032 2417 1078 2490 de
1102 2417 1247 2490 dicendi

196 2567 342 2639 genere3
357 2566 429 2640 qua
440 2543 634 2641 partitione
644 2566 702 2612 ars
713 2556 789 2613 tota
799 2544 977 2640 poematis
986 2542 1191 2639 cujuslibet,
1205 2559 1246 2615 ut

197 2665 384 2751 orationis,
405 2667 624 2737 continetur.
647 2664 750 2736 Unde
768 2666 846 2738 fore
866 2692 972 2764 spero
992 2682 1033 2738 ut
1053 2668 1245 2740 manifesto

197 2803 371 2884 appareat
396 2785 530 2885 quibus
556 2787 752 2859 virtutibus
782 2787 924 2861 efficere
947 2791 1062 2889 possit
1086 2791 1246 2862 carmine

196 2911 437 3011 philosophus
456 2912 559 3003 illud,
576 2913 757 3011 quidquid
771 2929 837 3006 est,
855 2915 956 3013 quod
970 2917 1130 2986 carmine
1152 2916 1246 2988 ellici

197 3050 356 3134 oportet,
377 3036 511 3134 quibus
529 3053 652 3109 autem
668 3037 764 3109 vitiis
790 3054 853 3110 aut
878 3038 1062 3111 erroribus
1080 3039 1242 3132 amittat,

197 3173 234 3231 et
252 3156 386 3256 quibus
404 3158 544 3256 legibus
566 3186 608 3232 ac
628 3161 898 3235 conditionibus
916 3162 1151 3237 observandis
1170 3191 1244 3237 non

198 3308 290 3381 opus
304 3297 448 3354 tantum
462 3283 772 3382 philosophicum,
788 3285 951 3358 versibus
962 3287 1077 3358 invita
1087 3289 1247 3362 Minerva

198 3405 432 3505 descriptum,
446 3434 523 3507 quo
540 3408 632 3480 nihil
645 3409 810 3482 inutilius
830 3437 872 3483 ac
888 3410 1050 3510 putidius
1067 3438 1143 3485 esse
1160 3438 1244 3512 pos·

199 3532 257 3625 sit,
274 3530 337 3605 sed
355 3546 392 3604 et
405 3559 489 3607 vere
508 3535 693 3633 poeticum
710 3533 899 3608 efficiatur.
