2886 4890
191 456 223 505 ro
296 421 300 429 ’
491 451 532 501 oa
548 450 765 505 ruinosormer
782 449 939 502 roauarrs

216 579 342 662 Quos
373 574 474 645 iocos
502 573 651 670 longum
683 575 728 644 sit
754 597 796 644 ac
820 597 1125 671 supervacaneum
1148 599 1238 645 enu-

193 723 346 788 merare,
380 699 515 797 quippe
537 724 630 796 quos
659 699 696 770 in
723 698 808 795 ipsis
828 697 929 769 libris
954 723 1114 796 quaerere
1137 698 1240 771 iacile
1281 797 1282 800 Ἴ

192 822 311 920 quivis
342 824 455 922 possit
474 824 540 920 (i).
580 823 620 894 id
644 839 766 895 autem
800 823 837 893 in
859 824 1068 894 universum
1098 823 1240 895 affirmo

193 965 281 1024 tunc
308 950 516 1020 Lucretium
545 973 565 1019 a
592 948 702 1021 Musis
739 947 922 1019 desertum
953 972 999 1038 ac·
1026 947 1240 1019 destitutum

192 1074 302 1145 fuisse
350 1100 466 1171 quum
508 1074 706 1173 Epicurum
748 1073 971 1172 pedetentim
1007 1088 1239 1171 sequeretur,

192 1200 342 1287 nedum,
363 1214 404 1270 ut
438 1215 586 1298 poetam
610 1199 754 1288 decuit,
789 1224 831 1270 ex
859 1198 926 1268 his·
952 1198 1240 1296 disputationum
1294 1284 1296 1287 Ι

193 1324 366 1422 angustiis
384 1323 470 1395 forti
493 1348 611 1422 penna
634 1323 807 1395 evolaret.
827 1327 926 1394 Tunc
950 1321 1105 1393 obscura
1128 1322 1242 1394 multa

193 1449 414 1539 invenimus3
440 1473 509 1520 nec
536 1448 683 1535 mirum,
705 1473 822 1545 quum
841 1446 1132 1518 obscurissimam
1155 1447 1242 1519 doc·

195 1574 328 1645 trinam
354 1574 536 1664 enuntiet3
565 1589 601 1646 et
621 1573 775 1645 humilia
802 1598 845 1645 ac
874 1572 1032 1675 sordida,
1058 1599 1174 1671 quum
1186 1600 1245 1646 res

197 1697 365 1785 subtiles,
395 1699 471 1769 imo
489 1697 665 1770 absurdas
684 1698 884 1797 exprimere
900 1713 1066 1790 conetur,
1083 1724 1173 1796 quas
1187 1701 1245 1771 vix

195 1849 302 1922 prosa
329 1824 446 1896 oratio
471 1824 665 1923 complecti
697 1825 824 1923 possit,
854 1823 991 1896 nedum
1018 1825 1149 1923 poesis.
1177 1827 1244 1898 Mi-

196 1974 321 2021 ramur
341 1964 463 2021 tamen
484 1964 678 2040 conatum;
700 1974 786 2023 nam
811 1975 896 2020 cum
924 1950 970 2022 de
993 1950 1175 2022 celeritate
1198 1952 1245 2022 si-

197 2074 445 2146 mulacrorum
482 2075 532 2145 sic
563 2074 738 2172 inciperet
768 2075 944 2173 Epicurus
974 2100 982 2143 ε
1008 2077 1086 2172 Περὶ
1119 2071 1153 2146 δὲ
1192 2089 1248 2157 τῆς

196 2201 276 2270 κατὰ
296 2207 350 2278 τὴν
374 2199 465 2296 φορὰν
485 2205 675 2296 ὑπαρχούσης
700 2204 872 2297 ταχύτητος
900 2213 949 2269 νῦν
965 2204 1067 2298 λέγειν
1093 2206 1247 2299 ἐπιχειρή-

199 2353 291 2421 σομεν
303 2323 369 2420 (2),
389 2349 431 2395 ea
446 2325 587 2420 poetice
606 2323 758 2396 reddere
773 2323 961 2395 Lucretius
975 2339 1090 2396 tentat
1107 2353 1115 2396 :

305 2519 330 2574 N
333 2534 386 2574 unc
399 2533 460 2592 age,
476 2533 561 2590 quam
576 2517 658 2575 celeri
671 2525 751 2574 motu
762 2517 907 2576 simulacra
920 2518 1053 2591 ferantur,

304 2609 340 2662 Et
350 2621 413 2680 quae
426 2607 565 2663 mobilitas
577 2604 639 2662 ollis
652 2606 824 2662 tranantibus
834 2621 916 2663 auras

304 2694 420 2752 Reddita
430 2695 476 2765 sit,
491 2694 573 2768 longo
587 2695 675 2767 spatio
690 2703 721 2751 ut
732 2694 823 2751 brevis
835 2694 904 2751 hora
916 2702 1037 2766 teratur,

305 2783 452 2840 Suavidieis
466 2784 641 2856 potiusquam
654 2784 750 2841 multis
763 2784 885 2840 versibus
898 2783 995 2854 edam;

304 2877 409 2931 Parvus
421 2883 453 2930 ut
465 2884 508 2932 est
521 2875 600 2950 cycni
615 2876 712 2932 melior
725 2891 819 2944 canor,
833 2874 879 2931 ilie
896 2891 996 2947 murm
1009 2892 1091 2950 quam

308 2963 420 3020 Clamor
431 2962 460 3018 in
472 2962 595 3020 aetheriis
609 2963 748 3036 dispersus
760 2963 881 3021 nubibus
894 2965 978 3021 austri
994 2965 1040 3038 (3).

202 3139 240 3203 ln
262 3133 397 3231 quihus
412 3135 551 3233 aliquid
569 3136 672 3233 cycni
689 3161 765 3208 esse
787 3137 895 3210 baud·
904 3141 1124 3235 negaverim,
1152 3142 1251 3215 iilam

201 3286 333 3359 nempe
348 3286 476 3333 vocem
496 3261 721 3332 tranantibus
733 3289 856 3351 auras,
877 3290 986 3362 quam
1002 3265 1093 3346 alius
1101 3293 1248 3363 cycnus,

202 3391 419 3457 Mantuanus
454 3385 602 3474 scilicet,
650 3410 725 3456 non
768 3387 980 3485 dedignatus
1015 3405 1068 3461 est
1085 3389 1158 3489 (4);
1189 3393 1252 3465 sed

245 3644 285 3725 (i)
308 3643 412 3707 Altera
434 3651 526 3726 atque
548 3645 718 3727 expeditior
743 3645 838 3711 editio
862 3647 975 3728 prodiit
992 3648 1021 3710 in
1044 3650 1171 3726 iucem,
1196 3671 1252 3715 eu-

203 3748 291 3805 rante
313 3745 454 3806 Conrado
479 3744 605 3820 Oratio,
634 3744 692 3806 sub
716 3743 776 3808 hoc
801 3745 889 3808 titulo
910 3747 1060 3829 :Epicuri
1085 3748 1254 3829 fragmenta

203 3840 351 3903 librorum
368 3843 395 3902 Ii
410 3845 441 3902 et
456 3843 497 3902 Xi
520 3841 558 3902 de
581 3843 711 3920 Natura,
730 3842 762 3904 in
784 3844 994 3906 voluminibus
1019 3847 1195 3928 papyraceis
1216 3867 1254 3908 ex

204 3937 378 4001 Herculano
392 3937 487 4000 erutis
502 3944 639 4020 reperta,
652 3939 785 4020 Lipsiae,
802 3943 891 4004 1818.

245 4032 284 4113 (ἓ)
300 4034 428 4113 ¹Epicuri
444 4035 512 4115 Περὶ
529 4037 657 4110 Φύσεως,
672 4036 722 4099 lib.
741 4039 786 4111 li,
805 4038 865 4101 col.
882 4040 911 4099 i.

245 4132 286 4216 (3)
310 4133 445 4211 Lucret,
466 4136 515 4209 tv,
532 4138 600 4197 rto.
617 4135 1015 4220 oont.1v,9oe(tachm.).

246 4226 287 4310 (t)
310 4229 500 4309 Virg.,AEe.‚
519 4233 568 4306 lV,
582 4234 641 4294 245
658 4252 665 4294 :
680 4233 805 4296 turbida
821 4240 922 4298 tranat
934 4235 1052 4298 Nubila.
