2886 4890
433 407 623 461 counlttottu'
641 407 723 459 Arm)
740 406 932 460 LUGRETlUll.
1176 409 1205 460 61

158 534 197 600 ln
215 528 273 601 his
290 554 376 601 vero
392 545 434 601 ut
451 531 488 602 in
507 530 585 602 aliis
603 556 678 603 non
697 529 982 602 obliviscendum
1000 544 1054 600 est
1075 534 1207 600 Lucre·

159 655 249 726 tium
271 670 386 727 artem
407 655 612 728 didascalici
629 656 807 756 poematis
828 655 927 755 apud
949 661 1133 728 Romanos
1151 656 1207 726 iu·

158 780 356 872 choavisse,
371 781 558 878 Virgilium
576 782 781 881 perfecisse.

635 1191 724 1258 Vlll.

206 1534 309 1601 Nunc
325 1544 367 1600 ut
384 1529 665 1628 praenuntiatum
684 1554 777 1628 opus
789 1527 988 1627 perficiam,
1004 1526 1207 1610 dedicandi

132 1678 286 1749 xgenere
310 1679 385 1751 quo
406 1679 494 1725 usus
522 1668 576 1725 est
603 1653 791 1724 Lucretius
818 1652 1027 1725 dicendum.
1059 1658 1098 1723 ln
1131 1678 1206 1751 quo

158 1792 278 1851 tamen
296 1803 405 1850 nemo
427 1803 520 1850 ame
541 1777 783 1878 exspectabit,
809 1779 1034 1876 quicumque
1058 1778 1204 1850 titulum

157 1901 268 1999 hujus
285 1902 398 1976 libelli
419 1905 635 1992 meminerit,
656 1919 699 1976 ut
715 1903 897 2002 quidquid
914 1905 962 1976 de
978 1929 1020 1976 ea
1038 1929 1079 1976 re
1092 1905 1206 2001 quaeri
1259 1898 1261 1901 ’

157 2029 269 2126 possit
281 2029 395 2101 fusius
408 2054 451 2100 ac
468 2029 673 2126 singillatim
688 2043 921 2128 pertractem.
940 2034 1019 2101 Non
1047 2028 1142 2100 enim
1160 2027 1206 2099 de

156 2152 275 2223 latinae
287 2153 417 2248 liuguae
436 2169 497 2226 aut
511 2152 783 2225 versificationis
798 2152 964 2242 historia,
980 2153 1043 2225 sed
1062 2167 1204 2224 tantum

157 2277 203 2348 de
221 2276 476 2377 philosophico
493 2293 658 2377 poemate
679 2277 828 2350 dissero.
846 2284 926 2350 Non
948 2279 1056 2374 igitur
1072 2301 1204 2376 expen-

157 2402 255 2491 dam,
276 2402 345 2473 nisi
365 2402 590 2494 intransitu,
619 2402 764 2500 qualem
789 2401 836 2474 ab
862 2404 978 2474 Ennio
1001 2426 1203 2474 sermonem

157 2527 314 2626 patrium
338 2527 517 2624 acceperit
531 2543 673 2619 noster,
700 2527 835 2625 quibus
856 2528 1009 2600 inventis
1022 2528 1098 2626 ipse
1112 2528 1205 2599 dita·

157 2651 261 2739 verit,
283 2675 392 2748 quem
411 2650 534 2723 locum
554 2653 591 2722 in
606 2651 663 2722 his
681 2651 800 2722 latinae
814 2677 878 2723 seu
896 2652 1030 2750 poesis,
1053 2677 1117 2723 seu
1135 2651 1205 2723 lin·

157 2800 245 2870 guae,
270 2774 440 2871 gradibus
459 2801 501 2847 ac
515 2775 740 2874 processibus
755 2774 939 2866 obtineat,
964 2775 1011 2847 ad
1033 2776 1072 2848 id
1086 2792 1204 2849 totum

159 2924 216 2970 me
251 2900 399 2973 consero
437 2901 538 2999 quod
569 2903 638 2973 mei
666 2903 869 2999 argumenti
905 2915 984 2990 est,
1016 2901 1205 2998 quomodo

155 3023 267 3096 latina
297 3028 456 3124 poesisa
485 3027 652 3098 Lucretio
681 3026 989 3126 philosophorum
1020 3026 1206 3099 doctrinas

156 3152 356 3247 exprimere
384 3151 577 3242 didicerit,
603 3168 783 3249 quatenus
803 3154 840 3224 in
871 3177 913 3224 ea
940 3176 979 3223 re
1002 3152 1207 3252 perdifficili

157 3275 304 3371 quidem
319 3300 363 3347 ac
375 3276 528 3375 periculi
541 3277 648 3375 plena
670 3277 877 3375 profecerit.

206 3400 346 3471 Primus
365 3401 460 3472 euim
478 3402 680 3494 Lucretius,
704 3420 746 3475 ut
765 3402 813 3474 de
835 3427 873 3474 se
893 3400 950 3473 bis
967 3401 1050 3497 jure
1068 3424 1111 3472 ac
1129 3425 1207 3472 me-

156 3525 227 3597 rito
252 3525 422 3621 jactavit,
457 3525 604 3622 longum
631 3552 763 3625 poema
782 3527 828 3598 de
851 3525 1086 3624 philosophia
1108 3525 1206 3623 apud

157 3655 340 3722 Romanos
349 3629 525 3723 condidit.
541 3657 759 3751 Quanquam
767 3652 842 3748 jam
854 3651 971 3743 multi,
984 3667 1025 3722 ut
1032 3651 1204 3742 diximuS,

158 3775 195 3846 in
215 3773 389 3875 operibus
406 3776 497 3847 alius
510 3777 649 3873 generis
664 3777 779 3849 multa
798 3777 962 3849 versibus
977 3775 1208 3875 protulerant

158 3925 239 3999 quae
269 3900 315 3971 ad
342 3900 608 4001 philosophiam
646 3905 882 4000 pertinerent.
914 3907 1052 4000 Nempe
1071 3901 1207 3972 Ennius

158 4051 231 4098 non
244 4027 499 4124 Epicharmum
514 4025 623 4098 modo
632 4027 835 4126 scripserat,
847 4025 954 4098 sedet
963 4023 1208 4097 Euhemeride
1271 4112 1276 4122 ι

158 4148 226 4221 diis
243 4147 377 4222 librum
393 4150 504 4222 latine
518 4162 693 4242 verterat,
712 4164 749 4221 et
764 4150 802 4221 in
817 4146 1001 4246 tragoediis
1017 4171 1111 4246 saepe
1123 4171 1206 4243 per-
