2886 4890
212 460 242 510 2⁴
493 457 534 507 DE
552 455 767 508 PlllLOSOPlllCl
785 456 942 517 coenans

210 595 247 652 et
268 609 285 645 α
306 579 353 650 ad
371 578 409 650 id
427 593 568 649 tantum
586 578 623 649 in
640 576 859 650 carminibus
879 577 962 648 licta
981 577 1101 650 allerri
1120 593 1162 649 ut
1177 602 1262 676 quae

208 728 294 776 vera
327 702 398 774 sint
432 702 654 774 manifestius
688 716 724 774 et
760 700 983 800 splendidius
1013 702 1144 775 animis
1176 702 1260 775 elu-

208 843 313 901 ceant
333 828 400 925 (1).
426 859 443 894 n

257 958 345 1041 Quae
374 953 501 1025 vellem
525 952 653 1028 melius
674 951 895 1023 meminisset
925 953 981 1023 vir
1002 951 1170 1048 exquisiti
1202 953 1259 1024 in-

208 1070 321 1166 genii,
351 1093 419 1140 nec
442 1067 559 1165 patria
584 1081 727 1139 tantum
753 1067 861 1139 laude
884 1067 1022 1159 clarus,
1053 1066 1261 1140 Ludovicus

207 1193 392 1282 liminius,
419 1192 483 1288 qui
505 1216 619 1288 quum
640 1215 703 1263 seu
722 1192 883 1263 Gratiam
908 1190 1081 1288 (divinam
1102 1192 1256 1283 scilicet,

207 1342 281 1416 qua
303 1316 470 1389 homines
489 1315 536 1387 ad
558 1315 699 1388 bonum
723 1317 974 1414 impelluntur,
1003 1315 1048 1388 de
1075 1343 1148 1415 qua
1170 1333 1259 1391 tune

208 1447 382 1539 temporis
397 1441 492 1513 inter
508 1439 697 1536 theologos
713 1465 855 1512 summa
869 1456 946 1512 erat
961 1441 1176 1534 contentio),
1194 1468 1259 1515 seu

207 1566 429 1662 Religionem
440 1565 561 1667 *ipsam
577 1563 797 1637 carminibus
813 1563 1008 1637 defendere
1026 1567 1256 1659 instituisset,

206 1689 442 1762 timidissimis
471 1689 760 1762 excusationibus
782 1691 1012 1789 propositum
1041 1692 1136 1763 tueri
1164 1716 1258 1791 opus

207 1840 283 1888 esse
294 1816 434 1887 censuit
446 1817 511 1912 (2).
529 1813 631 1886 Unde
644 1830 779 1906 tamen,
791 1830 833 1885 ut
847 1814 990 1913 opinor,
1003 1814 1103 1887 adea
1115 1820 1256 1913 excogi-

209 1940 316 2012 tanda
330 1939 462 2012 ductus
476 1953 529 2011 est
545 1963 625 2036 quae
640 1937 685 2010 de
699 1937 831 2029 verbis,
849 1964 923 2010 non
941 1938 1064 2029 rebus,
1080 1939 1257 2037 fingendis
1272 1932 1274 1936 ¹

206 2064 331 2137 docuit
358 2065 434 2161 (3);
464 2089 539 2136 non
567 2062 832 2136 contemnenda
862 2063 1028 2160 quidem,
1056 2064 1119 2136 sed
1144 2064 1256 2138 verbo

205 2191 329 2289 potius
344 2213 438 2262 nova
458 2213 570 2286 quam
588 2214 641 2281 re,
664 2202 700 2261 et
719 2188 892 2260 doctrinae
913 2188 1024 2287 paulo
1042 2189 1251 2263 subtilioris.

205 2320 350 2404 Quanto
372 2314 501 2385 melius
523 2338 591 2413 pro
614 2338 680 2384 suo
702 2313 784 2409 jure
805 2313 1049 2386 contendisset
1069 2314 1160 2388 adeo
1179 2341 1254 2387 non

204 2440 306 2539 poesi
324 2463 525 2538 repugnare
545 2462 691 2535 magnas
707 2463 767 2510 eas
782 2464 840 2511 res
856 2464 948 2536 quas
965 2455 1028 2510 aut
1047 2440 1171 2536 religio
1190 2457 1255 2513 aut

205 2562 440 2664 philosophia
456 2562 503 2634 ad
519 2563 864 2662 contemplationem
880 2579 1042 2637 nostram
1062 2567 1250 2663 proponit,

206 2702 247 2760 ut
267 2703 395 2759 contra
413 2712 496 2759 vera
518 2713 560 2760 ea
581 2712 622 2759 ac
642 2689 934 2787 praestantissima
954 2689 1073 2787 poesis
1099 2689 1146 2760 sit
1169 2714 1251 2786 quae

204 2813 346 2885 animos
365 2828 509 2885 nostros
529 2812 576 2884 ad
598 2813 753 2885 maxima
771 2813 919 2905 evehat,
942 2828 980 2886 et
998 2838 1018 2886 e
1036 2815 1188 2886 terrenis
1207 2812 1253 2885 ad

204 2937 326 3010 divina
345 2934 531 3010 conferat!

237 3259 275 3328 (1)
311 3256 384 3313 Rien
398 3255 470 3312 n'est
482 3255 552 3312 beau
566 3270 620 3328 que
631 3256 656 3313 le
669 3256 737 3327 urai,
752 3257 777 3313 le
788 3257 844 3313 vrai
857 3258 915 3315 seul
931 3267 973 3316 est
984 3260 1119 3330 aimahle;

213 3337 214 3340 ’
311 3342 333 3400 11
345 3342 405 3400 doit
414 3343 513 3416 re'gner
528 3350 644 3414 partout,
661 3351 690 3400 et
703 3343 795 3401 meme
809 3343 879 3402 dans
892 3344 917 3403 la
934 3346 1021 3416 lable3

309 3435 352 3489 De
364 3437 442 3488 toute
456 3431 553 3488 fiction
565 3430 688 3488 l’adroite
699 3432 817 3490 faussete'

310 3520 352 3576 Ne
362 3515 430 3575 tend
443 3517 506 3590 qu'a
518 3516 585 3575 laire
597 3534 650 3575 aux
663 3534 736 3593 yeux
749 3520 843 3577 briller
856 3518 882 3578 la
891 3520 986 3578 verite.

679 3597 790 3682 Epitre
802 3611 824 3668 ὰ
838 3610 994 3686 Setqnelay
1006 3617 1108 3682 (1675).

243 3737 284 3817 (Ξ)
305 3736 429 3797 J’avoue
452 3734 543 3814 qu3en
562 3741 731 3809 renoncant
749 3755 809 3798 aux
826 3736 955 3800 beautes
977 3737 1136 3802 brillantes
1162 3739 1201 3801 de
1222 3740 1252 3801 la
1295 3774 1301 3787 ·

204 3833 320 3909 fiction,
336 3831 357 3893 il
372 3831 439 3894 faut
449 3834 603 3913 perteue
616 3851 764 3896 renoneer
776 3835 859 3896 aussi
874 3853 913 3896 au
929 3835 999 3899 titre
1014 3836 1052 3898 de
1064 3845 1155 3917 poete
1170 3856 1250 3918 pour

187 3955 190 3964 ’
204 3951 237 3996 se
251 3937 412 3995 contenter
425 3929 469 3992 du
482 3949 559 4011 rang
575 3930 614 3993 de
629 3931 849 3995 versificamur.
873 3932 1008 4015 (Preface
1024 3935 1066 3996 du
1086 3941 1198 4015 poema
1212 3936 1251 4000 de

204 4030 233 4092 la
247 4026 413 4108 Religion.)

243 4132 284 4211 (3)
306 4127 473 4192 Memoires
497 4127 536 4189 de
559 4127 751 4193 l’Aeademie
777 4128 833 4192 des
858 4128 1056 4211 inscriptions
1080 4139 1115 4196 et
1135 4131 1252 4219 belles-¹

189 4228 328 4308 ¹lettres3
342 4243 412 4290 une.
426 4226 513 4290 serie.
527 4227 563 4289 T.
576 4226 616 4288 tu
631 4232 664 4290 et
677 4229 740 4290 ΧΗ.
