<?xml version="1.0" encoding="UTF-8"?>
<!DOCTYPE html PUBLIC "-//W3C//DTD XHTML 1.0 Transitional//EN"
    "http://www.w3.org/TR/xhtml1/DTD/xhtml1-transitional.dtd">
<html xmlns="http://www.w3.org/1999/xhtml" xml:lang="en" lang="en">
 <head>
  <title>
</title>
<meta http-equiv="Content-Type" content="text/html;charset=utf-8" />
  <meta name='ocr-system' content='tesseract 3.04.00' />
  <meta name='ocr-capabilities' content='ocr_page ocr_carea ocr_par ocr_line ocrx_word'/>
</head>
<body>
  <div class='ocr_page' id='page_1' title='image "./dephilosophicip00higngoog_0047.png"; bbox 0 0 2886 4890; ppageno 0'>
   <div class='ocr_carea' id='block_1_1' title="bbox 195 447 942 500">
    <p class='ocr_par' dir='ltr' id='par_1_1' title="bbox 195 447 942 500">
     <span class='ocr_line' id='line_1_1' title="bbox 195 447 942 500; baseline 0 0"><span class='ocrx_word' id='word_1_1' title='bbox 195 452 227 500; x_wconf 79' lang='grc'>36</span> <span class='ocrx_word' id='word_1_2' title='bbox 494 450 534 500; x_wconf 83' lang='lat' dir='ltr'>DE</span> <span class='ocrx_word' id='word_1_3' title='bbox 551 447 769 500; x_wconf 77' lang='lat' dir='ltr'>Pultosorfllcl</span> <span class='ocrx_word' id='word_1_4' title='bbox 786 448 942 500; x_wconf 70' lang='lat' dir='ltr'>rotulus</span> 
     </span>
    </p>
   </div>
   <div class='ocr_carea' id='block_1_2' title="bbox 191 563 1313 1167">
    <p class='ocr_par' dir='ltr' id='par_1_2' title="bbox 191 563 1313 1167">
     <span class='ocr_line' id='line_1_2' title="bbox 197 563 1244 666; baseline -0.009 -24"><span class='ocrx_word' id='word_1_5' title='bbox 197 569 275 666; x_wconf 89' lang='lat' dir='ltr'>ejus</span> <span class='ocrx_word' id='word_1_6' title='bbox 284 593 426 641; x_wconf 90' lang='lat' dir='ltr'>errores</span> <span class='ocrx_word' id='word_1_7' title='bbox 436 568 609 641; x_wconf 82' lang='lat' dir='ltr'>refutaret</span> <span class='ocrx_word' id='word_1_8' title='bbox 618 569 773 665; x_wconf 86' lang='lat' dir='ltr'>(utinam</span> <span class='ocrx_word' id='word_1_9' title='bbox 783 569 820 640; x_wconf 96' lang='lat' dir='ltr'>id</span> <span class='ocrx_word' id='word_1_10' title='bbox 829 569 967 666; x_wconf 85' lang='lat' dir='ltr'>gallice,</span> <span class='ocrx_word' id='word_1_11' title='bbox 980 583 1016 640; x_wconf 90' lang='lat' dir='ltr'>et</span> <span class='ocrx_word' id='word_1_12' title='bbox 1025 570 1067 639; x_wconf 93' lang='lat' dir='ltr'>iis</span> <span class='ocrx_word' id='word_1_13' title='bbox 1078 563 1244 639; x_wconf 89' lang='lat' dir='ltr'>versibus</span> 
     </span>
     <span class='ocr_line' id='line_1_3' title="bbox 195 694 1244 793; baseline -0.005 -28"><span class='ocrx_word' id='word_1_14' title='bbox 195 719 288 792; x_wconf 91' lang='lat' dir='ltr'>quos</span> <span class='ocrx_word' id='word_1_15' title='bbox 302 719 430 767; x_wconf 91' lang='lat' dir='ltr'>omnes</span> <span class='ocrx_word' id='word_1_16' title='bbox 443 694 560 792; x_wconf 92' lang='lat' dir='ltr'>legere</span> <span class='ocrx_word' id='word_1_17' title='bbox 577 709 613 766; x_wconf 98' lang='lat' dir='ltr'>et</span> <span class='ocrx_word' id='word_1_18' title='bbox 626 695 766 793; x_wconf 89' lang='lat' dir='ltr'><strong>possint</strong></span> <span class='ocrx_word' id='word_1_19' title='bbox 776 710 812 767; x_wconf 90' lang='lat' dir='ltr'>et</span> <span class='ocrx_word' id='word_1_20' title='bbox 823 695 963 792; x_wconf 87' lang='lat' dir='ltr'>velint),</span> <span class='ocrx_word' id='word_1_21' title='bbox 979 719 1060 765; x_wconf 90' lang='lat' dir='ltr'>eam</span> <span class='ocrx_word' id='word_1_22' title='bbox 1073 707 1244 764; x_wconf 91' lang='lat' dir='ltr'>naturam</span> 
     </span>
     <span class='ocr_line' id='line_1_4' title="bbox 193 817 1313 918; baseline -0.002 -28"><span class='ocrx_word' id='word_1_23' title='bbox 193 820 453 917; x_wconf 85' lang='lat' dir='ltr'>intelligentem</span> <span class='ocrx_word' id='word_1_24' title='bbox 473 835 509 891; x_wconf 91' lang='lat' dir='ltr'>et</span> <span class='ocrx_word' id='word_1_25' title='bbox 533 818 669 891; x_wconf 89' lang='lat' dir='ltr'>bonam</span> <span class='ocrx_word' id='word_1_26' title='bbox 694 835 730 891; x_wconf 91' lang='lat' dir='ltr'>et</span> <span class='ocrx_word' id='word_1_27' title='bbox 751 835 939 918; x_wconf 90' lang='lat' dir='ltr'>potentem</span> <span class='ocrx_word' id='word_1_28' title='bbox 959 844 1046 892; x_wconf 87' lang='lat' dir='ltr'>vero</span> <span class='ocrx_word' id='word_1_29' title='bbox 1067 817 1242 906; x_wconf 91' lang='lat' dir='ltr'>nomine,</span> <span class='ocrx_word' id='word_1_30' title='bbox 1308 821 1313 830; x_wconf 85' lang='lat'><em>&#39;</em></span> 
     </span>
     <span class='ocr_line' id='line_1_5' title="bbox 193 942 1245 1043; baseline -0.004 -27"><span class='ocrx_word' id='word_1_31' title='bbox 193 945 327 1018; x_wconf 91' lang='lat' dir='ltr'>scilicet</span> <span class='ocrx_word' id='word_1_32' title='bbox 345 951 477 1036; x_wconf 87' lang='lat' dir='ltr'>Deum,</span> <span class='ocrx_word' id='word_1_33' title='bbox 501 944 672 1043; x_wconf 89' lang='lat' dir='ltr'>appellat.</span> <span class='ocrx_word' id='word_1_34' title='bbox 694 951 813 1034; x_wconf 90' lang='lat' dir='ltr'>Quem</span> <span class='ocrx_word' id='word_1_35' title='bbox 836 945 957 1018; x_wconf 90' lang='lat' dir='ltr'>locum</span> <span class='ocrx_word' id='word_1_36' title='bbox 975 959 1017 1016; x_wconf 94' lang='lat' dir='ltr'>ut</span> <span class='ocrx_word' id='word_1_37' title='bbox 1039 942 1137 1042; x_wconf 94' lang='lat' dir='ltr'>apud</span> <span class='ocrx_word' id='word_1_38' title='bbox 1160 967 1245 1013; x_wconf 91' lang='lat' dir='ltr'>nos·</span> 
     </span>
     <span class='ocr_line' id='line_1_6' title="bbox 191 1054 1242 1167; baseline -0.005 -26"><span class='ocrx_word' id='word_1_39' title='bbox 191 1084 303 1142; x_wconf 91' lang='lat' dir='ltr'>trates</span> <span class='ocrx_word' id='word_1_40' title='bbox 323 1073 443 1142; x_wconf 91' lang='lat' dir='ltr'>minus</span> <span class='ocrx_word' id='word_1_41' title='bbox 453 1086 596 1160; x_wconf 90' lang='lat' dir='ltr'>notum,</span> <span class='ocrx_word' id='word_1_42' title='bbox 609 1070 859 1167; x_wconf 90' lang='lat' dir='ltr'>dignissimum</span> <span class='ocrx_word' id='word_1_43' title='bbox 873 1085 995 1142; x_wconf 87' lang='lat' dir='ltr'>autem</span> <span class='ocrx_word' id='word_1_44' title='bbox 1007 1071 1072 1166; x_wconf 93' lang='lat' dir='ltr'>qui</span> <span class='ocrx_word' id='word_1_45' title='bbox 1087 1054 1242 1164; x_wconf 89' lang='lat' dir='ltr'>legatur,</span> 
     </span>
    </p>
   </div>
   <div class='ocr_carea' id='block_1_3' title="bbox 192 1193 812 1294">
    <p class='ocr_par' dir='ltr' id='par_1_3' title="bbox 192 1193 812 1294">
     <span class='ocr_line' id='line_1_7' title="bbox 192 1193 812 1294; baseline 0.002 -29"><span class='ocrx_word' id='word_1_46' title='bbox 192 1193 252 1266; x_wconf 91' lang='lat' dir='ltr'>hic</span> <span class='ocrx_word' id='word_1_47' title='bbox 271 1195 401 1267; x_wconf 83' lang='lat' dir='ltr'>afferre</span> <span class='ocrx_word' id='word_1_48' title='bbox 422 1194 512 1265; x_wconf 92' lang='lat' dir='ltr'>mihi</span> <span class='ocrx_word' id='word_1_49' title='bbox 534 1195 640 1267; x_wconf 89' lang='lat' dir='ltr'>liceat</span> <span class='ocrx_word' id='word_1_50' title='bbox 661 1222 812 1294; x_wconf 86' lang='lat' dir='ltr'>precor:</span> 
     </span>
    </p>
   </div>
   <div class='ocr_carea' id='block_1_4' title="bbox 298 1369 1101 2069">
    <p class='ocr_par' dir='ltr' id='par_1_4' title="bbox 298 1369 1101 2069">
     <span class='ocr_line' id='line_1_8' title="bbox 512 1369 855 1430; baseline 0.009 -3"><span class='ocrx_word' id='word_1_51' title='bbox 512 1369 622 1428; x_wconf 87' lang='lat' dir='ltr'>Credin’</span> <span class='ocrx_word' id='word_1_52' title='bbox 634 1372 765 1429; x_wconf 89' lang='lat' dir='ltr'>miracula</span> <span class='ocrx_word' id='word_1_53' title='bbox 779 1381 855 1430; x_wconf 88' lang='lat' dir='ltr'>tanta</span> 
     </span>
     <span class='ocr_line' id='line_1_9' title="bbox 299 1459 930 1533; baseline 0.002 -17"><span class='ocrx_word' id='word_1_54' title='bbox 299 1459 390 1516; x_wconf 87' lang='lat' dir='ltr'>Moliri</span> <span class='ocrx_word' id='word_1_55' title='bbox 403 1464 551 1516; x_wconf 81' lang='lat' dir='ltr'>naturam?</span> <span class='ocrx_word' id='word_1_56' title='bbox 563 1460 626 1518; x_wconf 89' lang='lat' dir='ltr'>huic</span> <span class='ocrx_word' id='word_1_57' title='bbox 639 1477 688 1533; x_wconf 87' lang='lat' dir='ltr'>par</span> <span class='ocrx_word' id='word_1_58' title='bbox 701 1461 753 1519; x_wconf 87' lang='lat' dir='ltr'>erit</span> <span class='ocrx_word' id='word_1_59' title='bbox 763 1460 808 1518; x_wconf 92' lang='lat' dir='ltr'>illa</span> <span class='ocrx_word' id='word_1_60' title='bbox 821 1460 930 1518; x_wconf 80' lang='lat' dir='ltr'>labori?</span> 
     </span>
     <span class='ocr_line' id='line_1_10' title="bbox 299 1548 999 1623; baseline 0 -17"><span class='ocrx_word' id='word_1_61' title='bbox 299 1548 353 1606; x_wconf 86' lang='lat' dir='ltr'>Sed</span> <span class='ocrx_word' id='word_1_62' title='bbox 364 1557 462 1607; x_wconf 90' lang='lat' dir='ltr'>natura</span> <span class='ocrx_word' id='word_1_63' title='bbox 477 1549 542 1622; x_wconf 91' lang='lat' dir='ltr'>quid</span> <span class='ocrx_word' id='word_1_64' title='bbox 555 1555 615 1607; x_wconf 80' lang='lat' dir='ltr'>est?</span> <span class='ocrx_word' id='word_1_65' title='bbox 628 1559 677 1606; x_wconf 90' lang='lat' dir='ltr'>aut</span> <span class='ocrx_word' id='word_1_66' title='bbox 692 1551 738 1607; x_wconf 94' lang='lat' dir='ltr'>illo</span> <span class='ocrx_word' id='word_1_67' title='bbox 752 1550 865 1609; x_wconf 91' lang='lat' dir='ltr'>nomine</span> <span class='ocrx_word' id='word_1_68' title='bbox 882 1550 999 1623; x_wconf 84' lang='lat' dir='ltr'>primam</span> 
     </span>
     <span class='ocr_line' id='line_1_11' title="bbox 298 1639 1059 1713; baseline -0.001 -19"><span class='ocrx_word' id='word_1_69' title='bbox 298 1639 406 1695; x_wconf 90' lang='lat' dir='ltr'>Rerum</span> <span class='ocrx_word' id='word_1_70' title='bbox 418 1647 579 1697; x_wconf 89' lang='lat' dir='ltr'>cunctarum</span> <span class='ocrx_word' id='word_1_71' title='bbox 593 1655 714 1709; x_wconf 86' lang='lat' dir='ltr'>causam,</span> <span class='ocrx_word' id='word_1_72' title='bbox 729 1656 887 1713; x_wconf 89' lang='lat' dir='ltr'>numenque</span> <span class='ocrx_word' id='word_1_73' title='bbox 899 1653 1059 1712; x_wconf 86' lang='lat' dir='ltr'>supremum</span> 
     </span>
     <span class='ocr_line' id='line_1_12' title="bbox 300 1724 1014 1801; baseline 0 -18"><span class='ocrx_word' id='word_1_74' title='bbox 300 1724 412 1801; x_wconf 80' lang='lat' dir='ltr'>Singula</span> <span class='ocrx_word' id='word_1_75' title='bbox 426 1727 597 1801; x_wconf 86' lang='lat' dir='ltr'>prospiciens</span> <span class='ocrx_word' id='word_1_76' title='bbox 609 1727 750 1801; x_wconf 67' lang='lat' dir='ltr'>intellip&#39;s,</span> <span class='ocrx_word' id='word_1_77' title='bbox 766 1737 794 1785; x_wconf 90' lang='lat' dir='ltr'>et</span> <span class='ocrx_word' id='word_1_78' title='bbox 808 1731 882 1786; x_wconf 87' lang='lat' dir='ltr'>Deus</span> <span class='ocrx_word' id='word_1_79' title='bbox 895 1728 940 1785; x_wconf 88' lang='lat' dir='ltr'>hic</span> <span class='ocrx_word' id='word_1_80' title='bbox 955 1735 1014 1797; x_wconf 70' lang='lat' dir='ltr'>est,</span> 
     </span>
     <span class='ocr_line' id='line_1_13' title="bbox 298 1815 888 1890; baseline 0.005 -19"><span class='ocrx_word' id='word_1_81' title='bbox 298 1820 356 1872; x_wconf 90' lang='lat' dir='ltr'>Aut</span> <span class='ocrx_word' id='word_1_82' title='bbox 367 1816 406 1872; x_wconf 89' lang='lat' dir='ltr'>sic</span> <span class='ocrx_word' id='word_1_83' title='bbox 419 1815 540 1889; x_wconf 85' lang='lat' dir='ltr'>appellas</span> <span class='ocrx_word' id='word_1_84' title='bbox 552 1824 647 1872; x_wconf 92' lang='lat' dir='ltr'>natam</span> <span class='ocrx_word' id='word_1_85' title='bbox 661 1817 762 1873; x_wconf 85' lang='lat' dir='ltr'>servire</span> <span class='ocrx_word' id='word_1_86' title='bbox 777 1817 888 1890; x_wconf 88' lang='lat' dir='ltr'>patique</span> 
     </span>
     <span class='ocr_line' id='line_1_14' title="bbox 300 1905 948 1979; baseline 0.002 -18"><span class='ocrx_word' id='word_1_87' title='bbox 300 1906 456 1976; x_wconf 83' lang='lat' dir='ltr'>Materiam,</span> <span class='ocrx_word' id='word_1_88' title='bbox 470 1905 552 1962; x_wconf 87' lang='lat' dir='ltr'>certis</span> <span class='ocrx_word' id='word_1_89' title='bbox 566 1913 708 1978; x_wconf 88' lang='lat' dir='ltr'>parentem</span> <span class='ocrx_word' id='word_1_90' title='bbox 720 1905 837 1979; x_wconf 83' lang='lat' dir='ltr'>legibus,</span> <span class='ocrx_word' id='word_1_91' title='bbox 850 1906 948 1963; x_wconf 88' lang='lat' dir='ltr'>orbam</span> 
     </span>
     <span class='ocr_line' id='line_1_15' title="bbox 300 1995 1101 2069; baseline -0.004 -16"><span class='ocrx_word' id='word_1_92' title='bbox 300 1999 393 2053; x_wconf 90' lang='lat' dir='ltr'>Mente</span> <span class='ocrx_word' id='word_1_93' title='bbox 407 2003 436 2051; x_wconf 92' lang='lat' dir='ltr'>et</span> <span class='ocrx_word' id='word_1_94' title='bbox 448 1995 575 2065; x_wconf 88' lang='lat' dir='ltr'>consilio,</span> <span class='ocrx_word' id='word_1_95' title='bbox 586 1995 612 2051; x_wconf 87' lang='lat' dir='ltr'>vi</span> <span class='ocrx_word' id='word_1_96' title='bbox 627 1995 707 2053; x_wconf 88' lang='lat' dir='ltr'>bruta</span> <span class='ocrx_word' id='word_1_97' title='bbox 721 2002 802 2069; x_wconf 90' lang='lat' dir='ltr'>atque</span> <span class='ocrx_word' id='word_1_98' title='bbox 816 1995 919 2068; x_wconf 88' lang='lat' dir='ltr'>impete</span> <span class='ocrx_word' id='word_1_99' title='bbox 932 1995 1063 2068; x_wconf 85' lang='lat' dir='ltr'>pulsam(</span> <span class='ocrx_word' id='word_1_100' title='bbox 1082 1999 1101 2063; x_wconf 90' lang='lat'>).</span> 
     </span>
    </p>
   </div>
   <div class='ocr_carea' id='block_1_5' title="bbox 106 2165 1251 3764">
    <p class='ocr_par' dir='ltr' id='par_1_5' title="bbox 106 2165 1247 2890">
     <span class='ocr_line' id='line_1_16' title="bbox 243 2165 1247 2266; baseline -0.002 -28"><span class='ocrx_word' id='word_1_101' title='bbox 243 2167 339 2256; x_wconf 90' lang='lat' dir='ltr'>Quin</span> <span class='ocrx_word' id='word_1_102' title='bbox 353 2168 462 2239; x_wconf 89' lang='lat' dir='ltr'>etiam</span> <span class='ocrx_word' id='word_1_103' title='bbox 473 2169 605 2239; x_wconf 91' lang='lat' dir='ltr'>omissa</span> <span class='ocrx_word' id='word_1_104' title='bbox 622 2192 663 2238; x_wconf 94' lang='lat' dir='ltr'>ea</span> <span class='ocrx_word' id='word_1_105' title='bbox 681 2167 878 2266; x_wconf 90' lang='lat' dir='ltr'>voluptatis</span> <span class='ocrx_word' id='word_1_106' title='bbox 896 2193 983 2239; x_wconf 92' lang='lat' dir='ltr'>cura</span> <span class='ocrx_word' id='word_1_107' title='bbox 994 2192 1106 2266; x_wconf 92' lang='lat' dir='ltr'>quam</span> <span class='ocrx_word' id='word_1_108' title='bbox 1120 2165 1247 2265; x_wconf 90' lang='lat' dir='ltr'>Epicu·</span> 
     </span>
     <span class='ocr_line' id='line_1_17' title="bbox 195 2291 1247 2392; baseline -0.003 -29"><span class='ocrx_word' id='word_1_109' title='bbox 195 2319 257 2364; x_wconf 90' lang='lat' dir='ltr'>rus</span> <span class='ocrx_word' id='word_1_110' title='bbox 273 2307 315 2364; x_wconf 90' lang='lat' dir='ltr'>ut</span> <span class='ocrx_word' id='word_1_111' title='bbox 333 2293 490 2391; x_wconf 91' lang='lat' dir='ltr'>primam</span> <span class='ocrx_word' id='word_1_112' title='bbox 501 2293 583 2364; x_wconf 86' lang='lat' dir='ltr'>vitae</span> <span class='ocrx_word' id='word_1_113' title='bbox 596 2293 759 2390; x_wconf 89' lang='lat' dir='ltr'>regulam</span> <span class='ocrx_word' id='word_1_114' title='bbox 771 2291 1016 2392; x_wconf 88' lang='lat' dir='ltr'>praecipiebat,</span> <span class='ocrx_word' id='word_1_115' title='bbox 1031 2308 1110 2365; x_wconf 89' lang='lat' dir='ltr'>toto</span> <span class='ocrx_word' id='word_1_116' title='bbox 1124 2292 1247 2363; x_wconf 93' lang='lat' dir='ltr'>animo</span> 
     </span>
     <span class='ocr_line' id='line_1_18' title="bbox 196 2416 1247 2516; baseline -0.003 -27"><span class='ocrx_word' id='word_1_117' title='bbox 196 2417 500 2489; x_wconf 76' lang='lat' dir='ltr'>inhumanorum</span> <span class='ocrx_word' id='word_1_118' title='bbox 523 2418 751 2489; x_wconf 88' lang='lat' dir='ltr'>miseriarum</span> <span class='ocrx_word' id='word_1_119' title='bbox 774 2418 1082 2516; x_wconf 82' lang='lat' dir='ltr'>contemplatione</span> <span class='ocrx_word' id='word_1_120' title='bbox 1109 2416 1247 2488; x_wconf 81' lang='lat' dir='ltr'>defixus</span> 
     </span>
     <span class='ocr_line' id='line_1_19' title="bbox 106 2541 1247 2632; baseline -0.002 -19"><span class='ocrx_word' id='word_1_121' title='bbox 106 2557 108 2562; x_wconf 81' lang='grc'>’</span> <span class='ocrx_word' id='word_1_122' title='bbox 195 2543 320 2615; x_wconf 87' lang='lat' dir='ltr'>haeret.</span> <span class='ocrx_word' id='word_1_123' title='bbox 333 2549 413 2615; x_wconf 89' lang='lat' dir='ltr'>Non</span> <span class='ocrx_word' id='word_1_124' title='bbox 423 2568 540 2632; x_wconf 91' lang='lat' dir='ltr'>suam,</span> <span class='ocrx_word' id='word_1_125' title='bbox 553 2542 616 2614; x_wconf 92' lang='lat' dir='ltr'>sed</span> <span class='ocrx_word' id='word_1_126' title='bbox 625 2543 791 2614; x_wconf 93' lang='lat' dir='ltr'>omnium</span> <span class='ocrx_word' id='word_1_127' title='bbox 797 2542 991 2614; x_wconf 90' lang='lat' dir='ltr'>hominum</span> <span class='ocrx_word' id='word_1_128' title='bbox 999 2541 1247 2614; x_wconf 89' lang='lat' dir='ltr'>conditionem</span> 
     </span>
     <span class='ocr_line' id='line_1_20' title="bbox 196 2665 1243 2768; baseline -0.003 -29"><span class='ocrx_word' id='word_1_129' title='bbox 196 2668 430 2759; x_wconf 86' lang='lat' dir='ltr'>lamentatur,</span> <span class='ocrx_word' id='word_1_130' title='bbox 450 2694 543 2768; x_wconf 92' lang='lat' dir='ltr'>quos</span> <span class='ocrx_word' id='word_1_131' title='bbox 557 2669 696 2768; x_wconf 92' lang='lat' dir='ltr'>primus</span> <span class='ocrx_word' id='word_1_132' title='bbox 710 2670 879 2740; x_wconf 82' lang='lat' dir='ltr'>mortales</span> <span class='ocrx_word' id='word_1_133' title='bbox 896 2695 1008 2768; x_wconf 75' lang='lat' dir='ltr'>agros</span> <span class='ocrx_word' id='word_1_134' title='bbox 1028 2665 1243 2767; x_wconf 91' lang='lat' dir='ltr'>appellavit,</span> 
     </span>
     <span class='ocr_line' id='line_1_21' title="bbox 134 2791 1247 2890; baseline 0 -28"><span class='ocrx_word' id='word_1_135' title='bbox 134 2848 138 2855; x_wconf 92' lang='lat'>.</span> <span class='ocrx_word' id='word_1_136' title='bbox 196 2791 245 2862; x_wconf 90' lang='lat' dir='ltr'>ita</span> <span class='ocrx_word' id='word_1_137' title='bbox 257 2808 298 2863; x_wconf 90' lang='lat' dir='ltr'>ut</span> <span class='ocrx_word' id='word_1_138' title='bbox 310 2793 401 2864; x_wconf 90' lang='lat' dir='ltr'>tanti</span> <span class='ocrx_word' id='word_1_139' title='bbox 419 2793 607 2865; x_wconf 81' lang='lat' dir='ltr'>infortunii</span> <span class='ocrx_word' id='word_1_140' title='bbox 622 2794 806 2890; x_wconf 84' lang='lat' dir='ltr'>cogitatio,</span> <span class='ocrx_word' id='word_1_141' title='bbox 818 2793 968 2864; x_wconf 86' lang='lat' dir='ltr'>exitialis</span> <span class='ocrx_word' id='word_1_142' title='bbox 978 2793 1108 2865; x_wconf 89' lang='lat' dir='ltr'>veneni</span> <span class='ocrx_word' id='word_1_143' title='bbox 1121 2793 1247 2882; x_wconf 90' lang='lat' dir='ltr'>instar,</span> 
     </span>
    </p>

    <p class='ocr_par' dir='ltr' id='par_1_6' title="bbox 197 2917 1247 3016">
     <span class='ocr_line' id='line_1_22' title="bbox 197 2917 1247 3016; baseline -0.001 -28"><span class='ocrx_word' id='word_1_144' title='bbox 197 2943 322 2989; x_wconf 86' lang='lat' dir='ltr'>omnes</span> <span class='ocrx_word' id='word_1_145' title='bbox 340 2919 422 2988; x_wconf 87' lang='lat' dir='ltr'>vitae</span> <span class='ocrx_word' id='word_1_146' title='bbox 441 2917 588 2989; x_wconf 90' lang='lat' dir='ltr'>delicias</span> <span class='ocrx_word' id='word_1_147' title='bbox 608 2942 844 3016; x_wconf 89' lang='lat' dir='ltr'>corrumpere</span> <span class='ocrx_word' id='word_1_148' title='bbox 865 2917 1043 2989; x_wconf 87' lang='lat' dir='ltr'>videatur.</span> <span class='ocrx_word' id='word_1_149' title='bbox 1066 2923 1146 3006; x_wconf 90' lang='lat' dir='ltr'>Qua</span> <span class='ocrx_word' id='word_1_150' title='bbox 1168 2941 1247 3014; x_wconf 85' lang='lat' dir='ltr'>gra·</span> 
     </span>
    </p>

    <p class='ocr_par' dir='ltr' id='par_1_7' title="bbox 179 3035 1251 3764">
     <span class='ocr_line' id='line_1_23' title="bbox 179 3035 1246 3141; baseline -0.002 -28"><span class='ocrx_word' id='word_1_151' title='bbox 179 3043 307 3122; x_wconf 73' lang='lat' dir='ltr'>,vitate</span> <span class='ocrx_word' id='word_1_152' title='bbox 325 3041 527 3129; x_wconf 83' lang='lat' dir='ltr'>verborum¹</span> <span class='ocrx_word' id='word_1_153' title='bbox 541 3042 637 3114; x_wconf 89' lang='lat' dir='ltr'>hanc</span> <span class='ocrx_word' id='word_1_154' title='bbox 655 3044 837 3114; x_wconf 92' lang='lat' dir='ltr'>tristitiam</span> <span class='ocrx_word' id='word_1_155' title='bbox 850 3035 1012 3141; x_wconf 90' lang='lat' dir='ltr'>depingit</span> <span class='ocrx_word' id='word_1_156' title='bbox 1034 3068 1106 3140; x_wconf 91' lang='lat' dir='ltr'>qua</span> <span class='ocrx_word' id='word_1_157' title='bbox 1122 3042 1178 3114; x_wconf 91' lang='lat' dir='ltr'>vel</span> <span class='ocrx_word' id='word_1_158' title='bbox 1194 3041 1211 3111; x_wconf 86' lang='lat' dir='ltr'>l</span> <span class='ocrx_word' id='word_1_159' title='bbox 1230 3082 1246 3094; x_wconf 93' lang='lat'>·</span> 
     </span>
     <span class='ocr_line' id='line_1_24' title="bbox 197 3166 1247 3267; baseline -0.001 -29"><span class='ocrx_word' id='word_1_160' title='bbox 197 3167 386 3238; x_wconf 89' lang='lat' dir='ltr'>licissimus</span> <span class='ocrx_word' id='word_1_161' title='bbox 404 3168 559 3238; x_wconf 82' lang='lat' dir='ltr'>amorio</span> <span class='ocrx_word' id='word_1_162' title='bbox 573 3167 820 3264; x_wconf 69' lang='lat' dir='ltr'>ipscsfloribus</span> <span class='ocrx_word' id='word_1_163' title='bbox 838 3172 982 3267; x_wconf 70' lang='lat' dir='ltr'>tangitur</span> <span class='ocrx_word' id='word_1_164' title='bbox 995 3166 1064 3265; x_wconf 76' lang='lat' dir='ltr'>(2)l</span> <span class='ocrx_word' id='word_1_165' title='bbox 1089 3174 1161 3240; x_wconf 91' lang='lat' dir='ltr'>Nec</span> <span class='ocrx_word' id='word_1_166' title='bbox 1178 3169 1247 3237; x_wconf 92' lang='lat' dir='ltr'>mi·</span> 
     </span>
     <span class='ocr_line' id='line_1_25' title="bbox 197 3292 1251 3395; baseline -0.001 -32"><span class='ocrx_word' id='word_1_167' title='bbox 197 3318 281 3363; x_wconf 87' lang='lat' dir='ltr'>rum</span> <span class='ocrx_word' id='word_1_168' title='bbox 301 3294 331 3362; x_wconf 93' lang='lat' dir='ltr'>si</span> <span class='ocrx_word' id='word_1_169' title='bbox 350 3293 570 3395; x_wconf 69' lang='lat' dir='ltr'>maestissima</span> <span class='ocrx_word' id='word_1_170' title='bbox 595 3292 657 3363; x_wconf 92' lang='lat' dir='ltr'>illa</span> <span class='ocrx_word' id='word_1_171' title='bbox 682 3292 916 3364; x_wconf 90' lang='lat' dir='ltr'>meditatione</span> <span class='ocrx_word' id='word_1_172' title='bbox 942 3293 1157 3391; x_wconf 81' lang='lat' dir='ltr'>defatigatus</span> <span class='ocrx_word' id='word_1_173' title='bbox 1187 3293 1251 3363; x_wconf 82' lang='lat' dir='ltr'>leo·</span> 
     </span>
     <span class='ocr_line' id='line_1_26' title="bbox 197 3415 1251 3514; baseline 0.002 -28"><span class='ocrx_word' id='word_1_174' title='bbox 197 3443 357 3488; x_wconf 84' lang='lat' dir='ltr'>securam</span> <span class='ocrx_word' id='word_1_175' title='bbox 373 3420 524 3514; x_wconf 78' lang='lat' dir='ltr'>quietem</span> <span class='ocrx_word' id='word_1_176' title='bbox 539 3415 591 3514; x_wconf 83' lang='lat'>(3)</span> <span class='ocrx_word' id='word_1_177' title='bbox 605 3417 799 3513; x_wconf 87' lang='lat' dir='ltr'>quaesierit,</span> <span class='ocrx_word' id='word_1_178' title='bbox 820 3432 862 3488; x_wconf 89' lang='lat' dir='ltr'>ut</span> <span class='ocrx_word' id='word_1_179' title='bbox 877 3433 933 3489; x_wconf 88' lang='lat' dir='ltr'>tot</span> <span class='ocrx_word' id='word_1_180' title='bbox 954 3419 1058 3490; x_wconf 92' lang='lat' dir='ltr'>stoici</span> <span class='ocrx_word' id='word_1_181' title='bbox 1072 3420 1150 3489; x_wconf 83' lang='lat' dir='ltr'>viri</span> <span class='ocrx_word' id='word_1_182' title='bbox 1164 3417 1251 3488; x_wconf 80' lang='lat' dir='ltr'>boui</span> 
     </span>
     <span class='ocr_line' id='line_1_27' title="bbox 198 3542 1248 3638; baseline 0.001 -26"><span class='ocrx_word' id='word_1_183' title='bbox 198 3545 446 3638; x_wconf 79' lang='lat' dir='ltr'>etsapientes;</span> <span class='ocrx_word' id='word_1_184' title='bbox 468 3566 552 3612; x_wconf 90' lang='lat' dir='ltr'>nam</span> <span class='ocrx_word' id='word_1_185' title='bbox 580 3542 635 3634; x_wconf 93' lang='lat' dir='ltr'>iis,</span> <span class='ocrx_word' id='word_1_186' title='bbox 661 3557 703 3612; x_wconf 87' lang='lat' dir='ltr'>ut</span> <span class='ocrx_word' id='word_1_187' title='bbox 725 3543 775 3612; x_wconf 90' lang='lat' dir='ltr'>ait</span> <span class='ocrx_word' id='word_1_188' title='bbox 798 3542 945 3614; x_wconf 90' lang='lat' dir='ltr'>Flaccus</span> <span class='ocrx_word' id='word_1_189' title='bbox 969 3572 986 3608; x_wconf 77' lang='lat' dir='ltr'>a</span> <span class='ocrx_word' id='word_1_190' title='bbox 1008 3548 1105 3616; x_wconf 89' lang='lat' dir='ltr'>Mors</span> <span class='ocrx_word' id='word_1_191' title='bbox 1121 3543 1248 3614; x_wconf 90' lang='lat' dir='ltr'>ultima</span> 
     </span>
     <span class='ocr_line' id='line_1_28' title="bbox 198 3665 624 3764; baseline -0.007 -28"><span class='ocrx_word' id='word_1_192' title='bbox 198 3666 292 3737; x_wconf 90' lang='lat' dir='ltr'>linea</span> <span class='ocrx_word' id='word_1_193' title='bbox 311 3690 435 3738; x_wconf 91' lang='lat' dir='ltr'>rerum</span> <span class='ocrx_word' id='word_1_194' title='bbox 448 3681 503 3738; x_wconf 92' lang='lat' dir='ltr'>est</span> <span class='ocrx_word' id='word_1_195' title='bbox 522 3665 588 3764; x_wconf 78' lang='lat' dir='ltr'>(l)</span> <span class='ocrx_word' id='word_1_196' title='bbox 607 3697 624 3733; x_wconf 74' lang='lat' dir='ltr'>s</span> 
     </span>
    </p>
   </div>
   <div class='ocr_carea' id='block_1_6' title="bbox 243 3934 848 4311">
    <p class='ocr_par' dir='ltr' id='par_1_8' title="bbox 244 3934 630 4018">
     <span class='ocr_line' id='line_1_29' title="bbox 244 3934 630 4018; baseline -0.01 -20"><span class='ocrx_word' id='word_1_197' title='bbox 244 3934 284 4018; x_wconf 86' lang='lat' dir='ltr'>(l)</span> <span class='ocrx_word' id='word_1_198' title='bbox 308 3934 496 4010; x_wconf 85' lang='lat' dir='ltr'>Anti-Lucr.,</span> <span class='ocrx_word' id='word_1_199' title='bbox 509 3936 565 4008; x_wconf 86' lang='lat' dir='ltr'>IX,</span> <span class='ocrx_word' id='word_1_200' title='bbox 581 3937 630 3995; x_wconf 70' lang='lat'>29.</span> 
     </span>
    </p>

    <p class='ocr_par' dir='ltr' id='par_1_9' title="bbox 244 4030 771 4115">
     <span class='ocr_line' id='line_1_30' title="bbox 244 4030 771 4115; baseline -0.009 -19"><span class='ocrx_word' id='word_1_201' title='bbox 244 4037 286 4115; x_wconf 52' lang='grc' dir='ltr'>(ἢ)</span> <span class='ocrx_word' id='word_1_202' title='bbox 306 4036 439 4109; x_wconf 76' lang='lat' dir='ltr'>Lucret,</span> <span class='ocrx_word' id='word_1_203' title='bbox 453 4033 503 4107; x_wconf 89' lang='lat' dir='ltr'>IV,</span> <span class='ocrx_word' id='word_1_204' title='bbox 520 4034 597 4093; x_wconf 72' lang='lat'>1134</span> <span class='ocrx_word' id='word_1_205' title='bbox 614 4030 771 4110; x_wconf 85' lang='lat' dir='ltr'>(Lachm.).</span> 
     </span>
    </p>

    <p class='ocr_par' dir='ltr' id='par_1_10' title="bbox 243 4130 848 4311">
     <span class='ocr_line' id='line_1_31' title="bbox 246 4130 848 4214; baseline -0.003 -19"><span class='ocrx_word' id='word_1_206' title='bbox 246 4133 287 4214; x_wconf 84' lang='grc'>(3)</span> <span class='ocrx_word' id='word_1_207' title='bbox 309 4135 440 4208; x_wconf 78' lang='lat' dir='ltr'>lucret,</span> <span class='ocrx_word' id='word_1_208' title='bbox 456 4132 511 4202; x_wconf 87' lang='lat' dir='ltr'>lli,</span> <span class='ocrx_word' id='word_1_209' title='bbox 527 4134 600 4206; x_wconf 69' lang='lat' dir='ltr'>all,</span> <span class='ocrx_word' id='word_1_210' title='bbox 618 4132 677 4192; x_wconf 81' lang='lat'>939</span> <span class='ocrx_word' id='word_1_211' title='bbox 691 4130 848 4209; x_wconf 89' lang='lat' dir='ltr'>(Lachm.).</span> 
     </span>
     <span class='ocr_line' id='line_1_32' title="bbox 243 4231 726 4311; baseline -0.01 -18"><span class='ocrx_word' id='word_1_212' title='bbox 243 4232 284 4311; x_wconf 78' lang='lat' dir='ltr'>(l)</span> <span class='ocrx_word' id='word_1_213' title='bbox 306 4233 421 4304; x_wconf 74' lang='lat' dir='ltr'>Horat,</span> <span class='ocrx_word' id='word_1_214' title='bbox 439 4231 632 4310; x_wconf 78' lang='lat' dir='ltr'>Ep.,11‚16,</span> <span class='ocrx_word' id='word_1_215' title='bbox 651 4233 726 4290; x_wconf 84' lang='lat' dir='ltr'>extr.</span> 
     </span>
    </p>
   </div>
   <div class='ocr_carea' id='block_1_7' title="bbox 0 0 1452 4890">
    <p class='ocr_par' dir='ltr' id='par_1_11' title="bbox 0 0 1452 4890">
     <span class='ocr_line' id='line_1_33' title="bbox 0 0 1452 4890; baseline 0 0"><span class='ocrx_word' id='word_1_216' title='bbox 0 0 1452 4890; x_wconf 95' lang='lat' dir='ltr'> </span> 
     </span>
    </p>
   </div>
  </div>
 </body>
</html>
