2886 4890
425 455 616 507 CONDlTlONE
632 454 714 504 APUD
732 454 918 508 lucramur.
1166 463 1194 511 71

150 580 220 651 bus
237 579 284 650 ad
302 578 465 673 longiora
483 576 601 649 studia
618 579 734 649 otium
753 576 917 670 deficiat,
938 596 1021 651 sunt
1040 581 1193 669 feminae,

151 729 293 776 sorores
307 727 521 800 uxoresque,
543 704 670 773 animae
688 719 820 774 nostrae
831 729 916 801 pars
926 706 1041 777 multo
1055 706 1194 794 melior,

150 829 241 926 quas
257 844 388 899 utnon
403 827 574 925 Hypatias
592 851 681 917 esse,
702 829 913 924 neutiquam
932 844 1053 900 tamen
1071 854 1196 900 earum

150 977 271 1024 rerum
304 953 454 1023 omnino
478 951 588 1022 rudes
620 952 772 1023 velimus
807 952 853 1023 de
881 953 1015 1050 quibus
1039 980 1199 1052 persaepe

150 1077 245 1148 inter
269 1078 404 1147 amicos
428 1077 544 1147 nostri
571 1075 656 1147 laris
680 1076 843 1175 hospites
870 1079 1006 1149 mentio
1028 1078 1089 1162 fit,
1113 1105 1201 1176 prae·

151 1200 275 1271 sertim
292 1225 407 1297 quum
430 1199 677 1270 doctrinarum
707 1224 832 1270 earum
856 1202 886 1270 is
906 1201 1057 1291 fructus,
1082 1227 1124 1273 ea
1147 1204 1200 1273 vis

151 1323 196 1393 sit
210 1337 252 1394 ut
271 1322 536 1420 prudentiores,
558 1322 734 1405 meliores,
756 1322 945 1411 felicioreS,
968 1325 1134 1420 quisquis
1150 1327 1201 1394 eis

152 1445 349 1535 imbuatur,
378 1446 524 1518 faciant.
546 1452 606 1516 Est
629 1461 664 1516 et
687 1453 861 1517 innuensa
893 1447 954 1518 illa
988 1448 1200 1535 multitudo,

151 1594 355 1668 pauperum
371 1571 455 1642 dico
476 1596 519 1641 ac
538 1569 795 1660 laborantium,
817 1597 927 1669 equa
948 1572 1047 1644 velut
1065 1589 1202 1645 vastoe

153 1695 290 1790 gurgite
312 1696 421 1792 pauci
442 1695 642 1766 admodum
663 1697 893 1792 emergimuS,
915 1696 1050 1794 quibus
1070 1723 1201 1794 paren·

153 1832 232 1889 tum
257 1821 482 1916 optimorum
498 1833 535 1890 et
550 1820 617 1890 Dei
634 1821 897 1919 omnipotentis
914 1819 1091 1892 beneficio
1114 1847 1203 1893 con-

154 1942 233 2038 tigit
252 1957 295 2013 ut
309 1942 429 2014 studio
447 1968 490 2013 ac
508 1943 704 2039 discipline
721 1968 945 2015 vacaremus.
966 1951 1058 2015 Num
1079 1945 1132 2015 illi
1147 1960 1202 2016 ta·

103 2119 106 2125 .
156 2091 238 2138 men
263 2065 321 2137 his
338 2068 450 2137 animi
466 2067 599 2165 opibus
622 2083 733 2165 atque
757 2068 937 2140 alimentis
965 2070 1116 2140 omnino
1142 2095 1203 2140 ca-

154 2190 307 2261 rebunt?
332 2196 375 2262 At
406 2207 533 2263 contra
557 2217 600 2262 ea
635 2192 964 2290 philosophiae,-ut
998 2193 1201 2288 religionis,

155 2316 335 2413 praecipua
353 2316 432 2386 laus
455 2331 509 2387 est
530 2331 572 2386 ut
589 2341 674 2386 cum
696 2316 818 2387 multis
839 2318 1141 2408 communicetur,
1169 2333 1206 2389 et

155 2442 330 2512 continuo
349 2440 472 2539 plures
487 2466 552 2512 sua
570 2441 678 2528 luce,
704 2455 746 2512 ut
763 2441 817 2512 sol
835 2424 967 2530 radiiS,
992 2441 1147 2511 illustret
1163 2466 1205 2512 ac

155 2566 349 2662 compleat.

205 2687 257 2758 Ad
280 2713 342 2758 eos
362 2704 481 2759 tamen
507 2690 669 2774 animos,
690 2714 785 2787 quos
807 2688 900 2779 dixi,
925 2687 1092 2759 doctrina
1121 2713 1205 2759 eru·

156 2810 320 2900 diendos,
344 2815 532 2911 praeceptis
550 2812 817 2902 informandos,
842 2811 1027 2884 erroribus
1045 2836 1087 2882 ac
1111 2812 1207 2883 vitiis

156 2935 376 3032 purgandoS,
393 2937 482 3034 quid
497 2938 574 3035 ipsa
591 2938 692 3035 poesi
714 2937 833 3034 aptius
848 2952 910 3008 ant
926 2936 1111 3035 potentius
1130 2961 1206 3006 esse
1269 3031 1272 3036 .

156 3063 283 3158 possit,
303 3086 417 3157 quum
437 3062 676 3133 delectatione
692 3063 881 3133 indoctum
901 3062 1038 3159 pariter
1060 3084 1101 3129 ac
1115 3059 1204 3130 doc·

158 3203 235 3259 tum
253 3187 426 3266 deleniat,
452 3202 487 3257 et
517 3189 693 3257 suavitate
719 3188 857 3283 capiat,
881 3184 1064 3256 interdum
1089 3185 1206 3279 rapiat

158 3311 419 3383 admiratione?
440 3317 519 3382 Non
542 3311 643 3408 quod
664 3336 721 3382 me
741 3311 851 3382 lateat
870 3312 960 3408 quid
985 3318 1126 3410 possint
1142 3327 1207 3384 aut

158 3435 315 3507 efficiant
323 3460 431 3506 sacrae
443 3435 626 3506 orationes
635 3435 681 3506 de
695 3434 871 3522 docenda,
888 3438 1111 3535 explicanda,
1122 3466 1205 3511 sua·

158 3557 275 3632 denda
300 3562 471 3658 religione
502 3559 666 3655 quotidie
695 3561 732 3630 in
764 3558 905 3654 templis
929 3561 1084 3651 habitae,
1117 3589 1208 3661 quas

60 3771 64 3776 1
159 3682 279 3778 tamen
300 3707 376 3753 non
396 3705 524 3753 omnes
549 3679 675 3750 audire
702 3682 788 3751 satis
812 3697 985 3780 possunt,
1015 3684 1119 3754 multi
1150 3683 1209 3752 his

159 3802 384 3902 temporibus
398 3800 566 3902 pluribus
592 3801 638 3872 de
664 3803 781 3872 causis
807 3802 996 3874 fastidiunt
1022 3819 1059 3875 et
1078 3829 1207 3901 asper-

158 3945 306 4000 nantur.
329 3933 401 3999 Nec
431 3928 541 4025 magis
562 3927 691 4022 ignoro
718 3953 828 4023 quam
845 3929 1071 4026 praestantia,
1089 3928 1204 4012 utilia,

155 4052 330 4148 jucunda,
352 4051 698 4151 saepephilosophia
717 4050 945 4149 pedestribus
963 4050 1204 4138 sermonibus,

158 4173 426 4269 elegantissimis
455 4189 575 4244 tamen
592 4228 601 4261 ,
621 4173 805 4262 docuerit,
826 4174 911 4244 novi
931 4171 1070 4244 libellos
1089 4171 1132 4241 de
1166 4198 1208 4240 u·
