2886 4890
196 433 229 482 54
497 427 537 478 on
554 425 768 477 rurtosornrci
786 408 942 477 nonnius

195 574 375 646 equorum
399 550 510 620 vitam
538 548 641 644 quasi
665 545 871 619 uberiorem
896 543 1079 629 describit,
1109 540 1244 639 quibus

191 674 267 770 jam
284 698 426 745 amores
441 672 659 769 doloresque
675 687 759 742 sunt
775 670 850 760 sui3
869 668 1016 741 tandem
1028 667 1075 739 ad
1089 666 1241 761 majora,

195 798 359 894 quamvis
380 798 417 868 in
437 799 556 895 parvis
575 794 805 884 animalibus,
827 819 864 865 se
885 792 1051 888 accingit,
1073 806 1110 863 et
1128 789 1245 860 admi·

196 922 309 995 randa
327 923 416 995 dicit

569 1152 683 1208 Levium
698 1151 969 1224 spectaculorum,

303 1240 552 1313 Magnanimosque
566 1240 660 1306 duces,
674 1240 814 1312 totiusque
828 1239 924 1296 ordine
939 1237 1029 1312 gentis

304 1332 406 1398 Mores,
422 1337 450 1386 et
461 1328 561 1400 studia,
575 1337 603 1386 et
619 1329 746 1402 populos,
761 1337 789 1384 et
802 1328 908 1401 proelia.

198 1544 308 1634 Quod
327 1544 456 1616 vellem
480 1560 516 1615 et
537 1545 725 1615 Lucretius
746 1546 782 1615 in
801 1540 1013 1615 hominibus
1028 1542 1188 1631 secisset3
1213 1557 1249 1613 et

116 1675 118 1680 ’
200 1671 314 1767 gentis
332 1668 501 1740 humanae
518 1670 744 1768 spectaculis,
766 1669 884 1754 multo
907 1692 992 1739 sane
1009 1666 1250 1738 admiratione

201 1792 438 1891 dignioribus,
457 1819 550 1893 opus
565 1819 672 1864 suum
689 1794 936 1865 conclusisset.

249 1923 298 1990 Ac
312 1943 358 1990 ne
375 1919 457 2015 quis
471 1933 576 2016 putet
594 1917 761 1990 ordinem
792 1918 895 1988 illum
926 1941 967 1987 ex
988 1917 1143 2013 Epicuro
1166 1942 1250 1987 mu-

202 2059 345 2117 tuatum
360 2068 436 2114 esse
450 2043 659 2114 Lucretium
673 2057 823 2115 monent
837 2066 918 2138 quae
930 2041 1006 2136 jam
1021 2041 1068 2112 de
1081 2041 1253 2113 Hercula·
1311 2039 1313 2042 ’

201 2165 373 2239 nensibus
390 2166 637 2238 voluminibus
660 2166 745 2238 dixi.
778 2173 942 2262 Namque
968 2190 1084 2262 quum
1106 2166 1253 2260 triginta

202 2306 341 2389 septem
354 2288 454 2361 libris
463 2291 666 2362 constitisse
678 2291 821 2389 Epicuri
834 2293 913 2387 Περὶ
923 2296 1042 2371 Φύσεως
1053 2315 1146 2387 opus
1155 2315 1253 2361 com·

202 2430 349 2514 pertum
372 2414 433 2504 sit,
460 2414 497 2484 in
520 2413 713 2486 undecimo
743 2414 788 2486 de
814 2415 984 2487 meteoris
1011 2413 1250 2502 tractabatur,

204 2565 285 2637 quae
309 2553 536 2638 postremum
561 2539 683 2610 locum
712 2538 810 2638 apud
836 2539 1043 2641 Lucretium
1070 2538 1250 2610 obtinent.

203 2663 300 2753 Quid
322 2664 430 2760 igitur
446 2665 571 2759 viginti
588 2688 647 2735 sex
666 2680 855 2761 sequentes
870 2662 1119 2751 continebant,
1136 2689 1254 2760 quum

204 2813 351 2860 ornnem
378 2788 586 2887 epicuream
614 2788 817 2860 doctrinam
849 2787 1035 2858 Lucretius
1058 2787 1253 2886 complecti

206 2911 392 2982 videatur?
425 2917 493 3003 Ea,
514 2912 659 3010 opinor,
693 2938 774 3009 quae
803 2928 911 3010 poeta
933 2927 1058 2983 noster
1081 2914 1118 2982 in
1138 2912 1253 3011 priori

203 3036 372 3107 carminis
388 3050 492 3134 parte
510 3035 723 3133 exponenda
736 3038 889 3108 censuit.
905 3036 1115 3133 Quidquam
1130 3050 1253 3108 tamen

204 3161 240 3231 in
259 3159 316 3231 his
328 3159 510 3231 affirmare
528 3159 770 3257 imprudentis
790 3161 854 3250 sit,
871 3161 939 3231 nisi
954 3161 1075 3259 plures
1088 3160 1265 3260 ejusdem.

204 3285 324 3383 operis
347 3284 486 3355 laciniae
513 3310 532 3356 e
557 3309 781 3383 papyrorum
807 3267 1009 3382 cineribds's
1020 3285 1188 3357 incendio
1215 3287 1252 3358 in
1353 3287 1356 3291 ’

204 3406 380 3479 carbones
396 3433 583 3480 versarum
598 3410 648 3480 ita
666 3409 817 3481 feliciter
831 3410 1062 3503 inveniantur
1075 3425 1117 3481 ut
1134 3411 1253 3482 evolvi

204 3558 246 3604 ac
264 3533 333 3629 legi
350 3534 502 3631 possint.

224 3671 228 3682 '
253 3664 333 3730 Non
347 3683 407 3729 me
424 3657 512 3729 latet
534 3658 643 3730 luisse
662 3661 779 3756 quiet
797 3661 954 3733 Lucretii
977 3685 1108 3759 poema
1134 3646 1253 3734 multo

202 3783 345 3879 longius
362 3782 549 3882 quondam
576 3784 748 3856 exstitisse
772 3785 1005 3876 crediderint,
1036 3785 1254 3882 conjecturis

201 3906 284 3979 freti
308 3933 399 4005 quas
412 3908 631 4008 jampridem
646 3914 688 3980 V.
703 3914 742 3981 C.
761 3908 1022 3981 Eichstaedtius
1039 3910 1252 3982 confutavit.

202 4037 340 4131 Nempe
364 4033 399 4102 in
422 4032 504 4105 loco
522 4034 676 4105 Terentii
699 4034 870 4106 Varronis
896 4032 960 4104 ubi
982 4033 1027 4106 de
1041 4059 1116 4106 uno
1142 4050 1178 4107 et
1201 4035 1254 4107 vi·

203 4153 292 4249 giuti
311 4157 468 4227 Lucretii
487 4155 589 4228 libris
608 4158 745 4228 mentio
764 4156 819 4249 fit,
832 4157 909 4254 jam
927 4183 1055 4231 omnes
1073 4160 1253 4232 Lucilium
