2886 4890
223 425 256 476 ⁵⁶
523 426 564 477 llll
579 424 800 477 Pttttosortttct
817 423 972 476 rutnans

225 547 358 643 querit,
382 548 495 645 quod,
526 549 565 619 ni
589 547 707 637 fallor,
738 547 861 619 multis
882 545 1022 617 indiciis
1040 542 1272 615 manifestum

222 685 289 746 est.

272 803 363 869 Nam
379 813 575 897 postquam
595 799 752 873 universi
770 799 891 897 operis
904 795 1178 896 dispositionem
1191 793 1270 865 lau·

226 922 405 1014 davimus,
432 923 620 996 latendum
643 924 757 995 estin
780 922 927 1020 singulis
947 919 1113 1020 partibus
1131 933 1273 992 rectum

225 1072 311 1120 eum
331 1048 499 1120 ordinem
518 1073 610 1147 saepe
628 1047 837 1136 desiderari,
855 1048 929 1119 sive
941 1071 1000 1118 res
1014 1047 1109 1117 inter
1123 1069 1161 1116 se
1178 1043 1274 1115 male

226 1171 450 1264 cohaereant,
486 1174 560 1245 sive
589 1174 766 1246 iterentur
794 1173 885 1245 citra
915 1172 1166 1244 necessitatem
1192 1194 1284 1279 sen-X

225 1297 358 1384 tentiae,
375 1296 640 1388 similitudines,
662 1297 752 1395 quin
770 1311 808 1369 et
823 1297 939 1394 longae
959 1319 1129 1368 versuum
1149 1293 1271 1380 series,

226 1421 327 1518 quod
353 1422 482 1492 vitium
509 1447 585 1493 non
613 1422 650 1493 in
675 1421 839 1520 pessimis
860 1419 1110 1520 scriptoribus,
1136 1418 1275 1490 nedum

228 1545 266 1617 in
281 1561 383 1618 tanto
398 1562 521 1646 poeta,
543 1546 645 1619 sacile
663 1546 769 1619 feras.
794 1552 863 1618 Eas
878 1546 1100 1636 iterationes,
1117 1568 1276 1643 quarum

228 1671 393 1771 exempla
408 1672 567 1770 plurima
585 1687 670 1744 sunt
690 1672 756 1770 (1),
784 1697 901 1769 quum
922 1671 1037 1744 nollet
1055 1675 1101 1743 V.
1125 1675 1166 1744 C.
1187 1675 1275 1741 For·

228 1794 384 1894 bigerus,
405 1812 446 1869 ut
462 1797 538 1896 ipse
556 1798 658 1888 dicit,
682 1826 700 1862 ι(
723 1822 870 1869 omnem
884 1796 1143 1896 prudentiam,
1166 1819 1276 1867 omne

225 1917 404 2014 judicium
431 1922 598 1995 Lucretio
626 1917 854 2017 abjudicare,
880 1951 898 1987 »
933 1919 1275 2025 interpolatoribus,

229 2071 330 2118 more
339 2047 559 2142 germanico,
569 2045 880 2124 attribuit.Fuisse
888 2047 985 2117 enim
994 2047 1274 2135 Antoninorum,

230 2187 271 2243 ut
290 2173 494 2272 suspicatur
506 2172 565 2244 vel
585 2172 708 2272 potius
725 2169 939 2262 hariolatur,
954 2169 1193 2270 temporibus,
1211 2170 1276 2268 qui

229 2299 385 2369 Lucretii
402 2321 535 2395 poema
558 2310 787 2369 recenserent
805 2320 848 2368 ao
868 2311 1120 2385 retractarent,
1139 2311 1176 2368 et
1192 2320 1277 2396 per·

229 2448 322 2522 saepe
335 2448 420 2495 suos
433 2447 558 2494 versus
572 2422 683 2494 invita
697 2423 855 2493 Minerva
868 2421 1044 2494 formatos
1053 2422 1205 2494 carmini
1219 2423 1275 2494 in·

231 2562 402 2621 sererent.
425 2547 535 2636 Quod
559 2546 757 2644 aliquando
778 2545 915 2618 factum
944 2572 1019 2619 non
1043 2549 1275 2644 negaverim,
1351 2593 1359 2610 ,

229 2699 346 2771 quum
355 2672 498 2769 jamdiu
510 2670 677 2771 pluribus
688 2672 725 2743 in
737 2672 826 2744 locis
840 2673 908 2743 viri
921 2672 1020 2745 docti
1034 2697 1158 2744 versus
1169 2671 1277 2745 obelo

231 2799 439 2870 notaverint
466 2799 531 2896 qui
563 2822 584 2869 a
612 2795 749 2869 lectore
776 2796 999 2896 philosopho
1033 2798 1186 2893 margini
1213 2797 1278 2870 ad-

232 2924 356 3024 scripti
377 2922 462 2996 inde
480 2924 517 2994 in
538 2935 748 2993 contextum
769 2921 947 3020 poematis
973 2922 1181 2994 transierint
1210 2923 1274 3020 (2).

230 3049 301 3122 Sed
318 3071 552 3145 nequaquam
571 3046 680 3119 velim
707 3046 753 3119 de
775 3047 877 3118 omni
904 3072 943 3119 re
973 3047 1024 3118 ita
1042 3046 1207 3143 judicare
1236 3063 1278 3121 ut

231 3173 411 3274 quidquid
429 3172 523 3244 male
545 3171 769 3263 ordinatum,
797 3171 977 3269 quidquid
996 3172 1072 3244 sine
1089 3198 1197 3246 causa
1219 3198 1277 3246 re·

231 3301 400 3401 petitum,
422 3299 459 3370 id
475 3322 598 3389 omne,
618 3322 705 3369 cum
720 3297 970 3390 Lachmanno,
993 3299 1157 3372 Lucretio
1176 3301 1277 3372 aufe·

273 3610 312 3691 (t)
334 3608 412 3671 Vide
425 3605 576 3680 Lemaire,
587 3611 610 3668 t.
625 3609 653 3682 1,
667 3623 695 3686 p.
708 3604 756 3668 83.

275 3709 315 3792 (a)
336 3712 370 3768 ln
386 3705 564 3787 longissimo
575 3703 668 3784 hujus
682 3702 803 3784 generis
815 3703 887 3768 loco
905 3703 969 3787 (ΙΙΙ,
986 3704 1132 3786 too-829)
1143 3706 1197 3770 ubi
1208 3727 1279 3792 quae

233 3809 271 3870 de
284 3804 412 3867 mundo
438 3803 512 3865 alias
533 3803 676 3864 dicuntur
705 3800 753 3884 (V,
779 3805 833 3864 351
855 3807 952 3884 seqq.)
974 3804 1012 3865 ad
1036 3805 1171 3891 animum
1192 3825 1280 3870 men-

229 3909 357 3986 temque
381 3903 546 3963 humanam
567 3900 755 3975 referuntur‚
780 3909 871 3962 nemo
895 3919 956 3962 uon
976 3901 1123 3965 insulsam
1150 3907 1278 3968 transla-

230 4003 347 4065 tionem
370 4001 473 4063 nescio
498 3999 587 4078 cujus
612 3997 778 4061 ardelionis
799 3998 914 4078 arguit3
933 3998 989 4060 sed
1008 4001 1221 4066 Lachmaunus
1245 4005 1278 4066 in

229 4098 393 4183 postremis
402 4097 538 4161 versibus
552 4114 679 4159 manum
694 4095 813 4161 Marulli
824 4113 988 4177 agnoscere
999 4116 1032 4161 se
1044 4098 1186 4163 affirmat.
1204 4101 1278 4166 Vide

229 4196 497 4278 Commentariun,
515 4214 545 4277 p.
562 4197 632 4258 185.
