2886 4890
426 411 615 464 conotrtolta
632 412 713 464 trun
730 413 919 465 tucuartutt.
1159 419 1190 466 33

144 535 358 606 sententiam
371 534 560 632 jubentes3
579 561 653 607 non
672 534 837 607 eamdem
852 535 950 607 enim
968 559 1044 605 esse
1062 533 1188 605 condi-

143 660 292 747 tionem,
309 659 410 759 quod
424 660 469 732 ad
485 661 625 760 poesim
640 660 803 752 attineat,
821 661 997 759 epicurea
1015 683 1057 730 ac
1071 661 1191 730 stoicae

143 783 336 877 doctrinae3
365 811 521 884 quarum
540 786 654 884 prior,
680 811 766 858 cum
788 787 912 857 omnia
935 785 982 857 ad
1004 786 1192 856 materiem

143 911 306 1002 reducat,
328 926 365 983 et
380 911 624 984 nobilissimos
640 912 751 983 animi
767 936 893 983 sensus
909 911 1096 1008 voluptate
1114 934 1194 980 cor·

142 1052 301 1135 rumpat,
321 1038 372 1109 nil
390 1037 509 1135 magni
524 1051 587 1109 aut
596 1036 746 1135 pulchri
759 1052 877 1135 poetae
891 1034 1095 1107 canendum
1111 1058 1194 1135 sup⁴

143 1161 301 1262 peditet3
322 1162 434 1234 altera
448 1186 535 1234 vero
553 1162 669 1233 multo
684 1177 828 1261 praestet
842 1159 1128 1261 pulchritudine,
1148 1160 1195 1232 ad

145 1311 257 1384 quam
279 1287 308 1357 si
329 1311 366 1357 se
385 1286 621 1358 convertisset
642 1285 842 1373 Lucretius,
857 1285 985 1381 ,majus
1008 1283 1195 1383 quoddam

145 1436 187 1482 ao
208 1410 436 1509 praestantius
456 1436 549 1509 opus
570 1409 721 1483 sortasse
746 1408 966 1482 condidisset
985 1409 1051 1507 (l)
1077 1414 1196 1498 Quam

145 1535 376 1635 opinionem,
407 1536 641 1632 quantumvis
661 1535 760 1635 apud
782 1560 841 1607 me
862 1535 980 1607 valeat
1002 1534 1196 1606 doctorum

145 1638 309 1735 virorum
322 1663 531 1753 auctoritas,
548 1662 662 1734 nolim
676 1661 723 1733 ad
737 1662 862 1735 vivum
880 1685 1062 1751 resecare3
1082 1639 1198 1758 quum

148 1788 303 1859 Lucretii
319 1813 451 1887 poema
468 1787 601 1883 legenti
628 1812 789 1887 persaepe
808 1787 971 1859 animum
990 1785 1119 1857 subeat
1135 1811 1198 1858 co-

147 1912 286 2009 gitatio,
298 1928 446 2011 poetam
458 1929 627 1985 nostrum
639 1914 676 1984 in
691 1912 822 1983 morali
836 1910 1076 2011 philosophiae
1097 1926 1200 2010 parte

148 2061 233 2108 cum
247 2038 370 2110 stoicis
385 2063 460 2110 non
479 2038 590 2110 semel
606 2038 822 2111 consentire.
847 2037 944 2124 Quid
963 2037 1060 2108 enim
1080 2035 1197 2127 aliud,

149 2161 178 2232 si
193 2163 369 2250 Porticus,
386 2188 461 2235 non
478 2163 733 2263 epicureorum
749 2161 987 2234 hortulorum
1002 2159 1202 2261 discipulus

150 2286 287 2379 fuisset,
312 2288 358 2360 de
376 2287 546 2361 felicitate
573 2289 756 2388 sapientis
785 2286 831 2360 de
851 2287 1006 2360 vitandis
1022 2287 1201 2386 cupidita-

151 2411 265 2504 tibus,
294 2413 340 2485 de
366 2428 581 2512 contemptu
613 2412 823 2485 divitiarum
849 2412 1028 2512 potuisset
1059 2411 1203 2483 dicere?

151 2538 339 2611 Stoicusne
356 2564 403 2610 an
420 2541 618 2637 Epicureus
633 2538 857 2611 nobilissima
870 2537 948 2609 haec
967 2536 1078 2609 verba
1095 2536 1203 2608 veris·

152 2663 314 2762 simaque
334 2666 566 2763 pronuntiat,

258 2860 373 2932 Quodsi
387 2861 448 2935 quis
460 2877 523 2920 vera
536 2861 621 2918 vitam
637 2861 744 2918 ratione
756 2860 899 2936 gubernet,

259 2951 367 3008 Divitiae
381 2951 497 3024 grandes
512 2951 704 3019 homininum,
719 2953 811 3011 vivere
824 2968 905 3026 parco

258 3043 347 3113 AEquo
360 3041 464 3110 animo,
477 3057 566 3114 neque
579 3042 654 3098 enim
666 3051 708 3099 est
720 3058 840 3114 unquam
856 3042 971 3116 penuria
985 3042 1060 3115 parvi
1072 3047 1132 3111 (2)?

153 3233 275 3317 Quum
290 3229 326 3299 in
349 3228 454 3300 Tullii
476 3225 666 3327 Παραδόξοις
692 3230 841 3329 (quibus
864 3230 954 3329 quid
979 3229 1093 3326 magis
1114 3254 1200 3328 pro·

153 3355 275 3452 prium
303 3355 539 3452 stoicorumi)
563 3355 743 3451 legamus:
783 3362 843 3429 «Ο
874 3354 925 3426 dii
958 3351 1198 3427 immortales!

153 3504 228 3551 non
245 3479 450 3576 intelligunt
466 3480 633 3553 homines
656 3506 768 3580 quam
787 3506 960 3577 magnum
982 3477 1133 3574 vectigal
1157 3477 1203 3548 sit

153 3604 475 3704 parcimonial.....
496 3611 582 3679 Uter
600 3607 708 3703 igitur
729 3622 783 3678 est
801 3606 925 3697 ditior,
950 3605 1010 3677 cui
1030 3603 1139 3690 deest,
1155 3626 1202 3673 an

154 3729 214 3801 cui
231 3733 396 3829 superat?
403 3787 476 3805 .....
496 3737 574 3804 Non
601 3757 677 3804 esse
699 3731 874 3832 cupidum
895 3730 1049 3831 pecunia
1068 3742 1122 3800 est
1123 3780 1200 3802 .....

174 4003 247 4164 hssp
261 4007 300 4071 Μ.
321 4007 446 4083 Ferraz,
463 4008 509 4069 De
525 4013 620 4072 stoica
639 4010 805 4090 disciplina
823 4007 910 4086 apud
927 4013 1032 4086 poetas
1051 4018 1201 4076 romanos,

155 4120 174 4164 c
197 4149 205 4164 .
247 4106 281 4166 II.

197 4199 238 4281 (t)
264 4202 399 4280 Lucret,
413 4205 449 4280 V,
467 4207 545 4267 titt
560 4203 718 4283 (Lachm.)¹

1067 4312 1082 4360 a
