2886 4890
470 456 661 509 cottutTtottE
679 457 760 508 trun
777 453 964 509 tuuuutttttt.
1209 456 1240 509 ll

194 603 314 676 saeque
335 575 453 648 surdis
471 591 582 675 atque
600 576 698 648 aliud
719 577 907 673 agentibus
924 591 1082 668 canant,
1114 580 1180 650 nisi
1209 578 1237 651 si

195 728 276 800 quae
296 702 448 797 juvenes
473 701 521 772 ad
547 701 672 772 luxum
695 727 738 773 ac
768 702 992 800 voluptatem
1014 702 1089 799 jam
1117 727 1238 802 perse

194 828 384 924 proniores
403 825 548 922 indigno
568 841 803 924 corrumpant
825 825 1018 898 lenocinio.
1047 828 1239 899 Exoriatur

194 967 314 1023 autem
344 950 475 1047 aliquis
508 949 571 1047 qui
598 949 688 1022 utile
719 949 815 1022 dulci
839 964 948 1047 queat
976 951 1147 1040 miscere,
1175 952 1240 1048 qui

193 1075 354 1173 pulchris
378 1090 490 1171 atque
511 1076 547 1146 in
568 1076 743 1146 memoria
766 1074 959 1145 hominum
982 1076 1131 1147 victuris
1156 1101 1236 1148 ver-

175 1179 293 1270 'sibus
317 1222 442 1271 verum
476 1197 614 1295 aliquid
640 1212 746 1269 canat
774 1213 812 1271 et
836 1198 983 1294 grande,
1010 1198 1057 1270 de
1074 1204 1171 1288 Deo,
1192 1200 1238 1272 de

187 1323 344 1412 officiis,
364 1322 411 1394 de
441 1322 543 1394 miris
570 1321 640 1392 illis
671 1336 809 1392 nattum
840 1324 980 1394 arcanis
1000 1308 1082 1420 qirae
1106 1320 1182 1396 dies
1202 1339 1237 1396 et

194 1447 366 1543 longioris
401 1447 467 1518 aevi
499 1445 681 1541 diligentia
710 1444 816 1517 nobis
847 1440 1008 1545 aperuit3
1043 1473 1117 1519 non
1149 1474 1238 1520 con·-

194 1573 297 1643 tinuo
317 1595 359 1642 ac
382 1570 564 1670 producto
583 1584 752 1669 poemate
775 1585 817 1642 ut
833 1573 1020 1643 Lucretius
1040 1572 1102 1669 (ne
1127 1574 1237 1645 nimia

193 1695 402 1793 postulem),
422 1710 459 1765 at
482 1694 607 1766 saltem
627 1719 671 1766 eo
698 1696 858 1766 carmine
881 1694 983 1793 quod
1003 1712 1160 1768 mentem
1182 1721 1240 1768 ca·

192 1821 288 1918 piat,
315 1834 351 1890 et
377 1821 413 1889 in
439 1833 567 1915 pectus
589 1817 802 1907 descendat,
822 1835 859 1891 et
876 1844 981 1891 aures
1000 1819 1239 1892 delectatione

193 1959 365 2043 occupet3
388 1942 548 2034 Diiboni,
565 1944 627 2040 qui
649 1943 797 2042 plausus
812 1969 895 2016 eum
912 1942 1108 2043 accipient!
1130 1943 1237 2032 Quod

193 2071 223 2139 si
250 2067 342 2141 adeo
368 2067 462 2139 felici
482 2067 624 2140 dicendi
640 2092 770 2164 genere
792 2083 917 2139 utatur
933 2082 973 2139 ut
994 2046 1068 2140 non
1087 2067 1239 2140 edoctis

192 2192 309 2264 solum
335 2190 566 2283 hominibus,
588 2191 651 2264 sed
672 2191 719 2264 ab
736 2192 906 2265 omnibus
931 2193 1035 2265 facile
1061 2193 1174 2289 possit
1195 2192 1239 2263 li-

191 2315 309 2388 bellus
326 2315 487 2413 intelligi,
508 2331 544 2388 et
563 2313 712 2387 feminas
731 2341 773 2387 ac
798 2316 949 2413 juvenes
978 2315 1169 2388 dulcedine
1188 2317 1237 2386 al-

191 2442 301 2531 liciat,
325 2455 362 2512 et
388 2441 423 2511 in
449 2439 627 2512 artificum
649 2441 803 2511 officinis
826 2444 1010 2531 recitetur,
1036 2442 1142 2537 eique
1171 2439 1237 2511 lio·

193 2565 331 2635 minum
350 2563 465 2635 turbae
493 2565 608 2662 prosit
629 2590 723 2662 quos
746 2569 879 2635 Seneca
902 2590 976 2635 uon
1005 2589 1149 2652 servos,
1175 2564 1236 2635 sed

193 2685 350 2757 humiles
375 2686 531 2769 amicos,
564 2685 729 2758 Christus
754 2702 874 2758 autem
905 2686 1033 2758 lratres
1064 2687 1236 2785 appellari

193 2808 329 2892 voluit,
351 2833 472 2880 nonne
503 2823 543 2880 ut
577 2810 773 2880 maximum
810 2808 1050 2899 beneficium,
1085 2811 1236 2880 maxima

192 2957 341 3030 quoque
373 2935 418 3004 sit
446 2933 579 3029 gloria?
607 2933 659 3004 Ad
683 2959 794 3031 quam
822 2959 900 3031 ego,
929 2934 1094 3031 quisquis
1119 2932 1238 3031 poesis

193 3056 378 3127 studiosus
402 3081 443 3128 ac
469 3063 605 3155 peritus
628 3057 723 3129 lianc
755 3057 1099 3129 commentationem
1128 3055 1238 3150 leget,

193 3204 276 3249 eum
293 3180 449 3251 Lucretii
466 3179 630 3278 exemplo
653 3181 804 3251 inritare
828 3180 952 3268 veliin,
969 3193 1005 3250 et
1019 3177 1236 3276 quantulum

193 3305 230 3372 iu
251 3328 308 3375 me
323 3304 452 3375 virium
469 3319 533 3389 est,
550 3330 680 3376 vocare
696 3304 862 3376 audeam.
